3020 5360
283 522 322 582 80
701 534 835 578 ronanus
862 535 991 578 aaaron.

287 717 366 775 rem,
387 716 450 759 non
470 695 635 758 desinerem
656 715 709 774 por
728 695 815 756 illum
835 695 992 759 civitatem
1013 696 1049 756 de
1064 713 1099 758 oo
1113 697 1279 759 admonere.
1324 699 1405 760 Nam

287 807 382 884 ipsius
412 806 547 869 ciuitatis
578 805 725 880 servitus,
756 808 863 866 nostru
893 806 974 866 mala
1000 806 1191 867 diuturniora
1211 808 1333 883 reddet,
1357 810 1406 870 sod

290 917 364 978 hooc
384 915 468 977 suffic.
769 906 772 912 ’

333 1025 474 1086 Praelum
506 1026 586 1103 apud
620 1044 674 1088 vos
703 1043 764 1086 non
796 1025 934 1102 displicet
964 1024 1056 1099 mihi,
1087 1045 1141 1086 nec
1163 1027 1254 1086 etiam
1277 1027 1362 1104 typi3
1383 1027 1407 1086 si

290 1135 381 1195 vellet
404 1153 517 1196 novum
549 1129 763 1195 testamentum
791 1135 825 1193 in
851 1134 973 1212 Belgica
996 1134 1100 1212 lingua
1121 1135 1307 1213 imprimere,
1329 1136 1406 1195 facc-

292 1264 373 1316 rcm‚
395 1246 431 1303 ut
455 1263 474 1302 a
494 1243 580 1303 nobis
604 1243 680 1302 illud
701 1247 868 1304 correctum
888 1243 1029 1315 haberem
1051 1243 1156 1304 deinde
1178 1246 1326 1321 quaedam
1351 1245 1408 1304 alia

289 1350 322 1410 in
343 1352 446 1411 cadem
466 1351 579 1429 lingua.
622 1350 716 1430 Cupio
738 1351 830 1411 etiam
851 1351 926 1412 scire
955 1371 994 1411 an
1013 1352 1107 1412 latine
1127 1353 1297 1430 imprimat,
1319 1373 1406 1430 para·

289 1463 339 1520 tus
370 1479 437 1520 sum
458 1461 604 1536 quaedam
630 1461 676 1519 illi
700 1461 839 1534 mittere,
870 1462 1034 1539 exquibus
1056 1479 1141 1539 spero
1167 1465 1327 1539 quaestum
1348 1482 1407 1523 nou

288 1567 429 1646 exiguum
458 1567 594 1628 facturus
620 1571 673 1628 ost.
788 1553 790 1560 Ι

335 1677 372 1737 In
398 1676 554 1750 fasciculo,
575 1676 607 1736 in
631 1695 690 1756 quo
723 1680 809 1738 erant
829 1678 936 1738 literae
964 1679 1002 1738 ud
1022 1679 1241 1739 Niennordium
1254 1681 1407 1758 comptae,

292 1803 367 1863 quas
398 1783 581 1861 interceptas
612 1803 674 1844 osse
696 1785 849 1864 intelligo,
871 1787 976 1847 aderat
1002 1787 1094 1880 etiem
1115 1789 1283 1864 exemplum
1304 1765 1407 1849 litera-

294 1913 362 1952 rum
393 1894 431 1952 ad
460 1894 621 1969 deputatos
652 1896 781 1954 nostros.
823 1894 916 1972 Cupio
938 1896 1014 1955 scire
1035 1914 1074 1955 an
1095 1903 1123 1956 ot
1146 1897 1202 1956 hae
1222 1897 1406 1975 interceptae

291 2002 414 2063 fuerint.
456 2004 497 2063 Et
517 2006 552 2063 ut
573 2003 730 2064 historiam
745 2003 907 2064 scribendo.
917 2007 953 2065 de
967 2005 1105 2066 omnibus
1120 2006 1277 2067 continues
1293 1979 1406 2084 precor.

130 2117 133 2120 '
244 2195 247 2200 1
285 2111 366 2172 Bene
386 2112 453 2174 vale
475 2112 521 2174 vir
546 2113 759 2174 amantissime.
803 2112 942 2175 Salui-ant
963 2117 994 2175 te
1016 2114 1083 2202 mei.

321 2219 436 2280 Datum
458 2220 494 2279 15
515 2220 592 2280 Julii
612 2222 699 2282 1581.

1004 2333 1087 2392 Tuus
1109 2351 1145 2392 ex
1166 2337 1267 2395 animo

1033 2461 1121 2518 quom
1142 2443 1233 2503 nosti.
1338 2455 1345 2462 ·

580 3131 737 3175 nuncnunc
758 3133 879 3175 norrun
901 3117 962 3193 (wic
982 3137 1026 3174 uo.
1051 3117 1111 3192 39).

993 3339 1088 3411 run,
1112 3339 1150 3396 24
1172 3337 1249 3417 nug.
1274 3340 1360 3399 1581.

322 3543 466 3604 Salutem.
508 3544 653 3604 Ultimum
679 3548 764 3606 tuam
789 3547 948 3623 epistolum
972 3546 1089 3606 duobus
1112 3547 1214 3606 diebus
1239 3549 1400 3624 antequam

281 3655 409 3731 primam
422 3656 547 3730 'accepi,
569 3658 698 3735 utraque
721 3659 824 3716 tamen
846 3657 974 3716 fideliter
989 3656 1062 3715 mihi
1077 3655 1194 3720 reddita
1209 3656 1400 3729 cat,illa19,

280 3764 353 3824 haec
384 3782 454 3826 vero
486 3765 523 3822 21
555 3765 654 3841 hujua
708 3763 858 3826 Gaudium
883 3766 962 3845 quod
996 3785 1031 3824 ex
1058 3765 1096 3824 iis
1122 3765 1273 3841 percipere
1295 3765 1399 3836 debui,

279 3873 391 3950 purtim
422 3894 507 3934 mora
526 3875 650 3950 nuncii,
674 3877 787 3953 partim
824 3876 952 3935 aliorum
977 3875 1074 3934 literis
1106 3873 1300 3934 imminutum
1331 3872 1399 3932 fuit.

279 3983 348 4042 Jam
381 3984 459 4044 enim
490 3985 565 4059 ieta,
599 4005 674 4062 quae
698 3987 847 4058 nunciati,
880 3987 983 4073 vetera
1010 3984 1091 4044 facta
1120 3986 1223 4056 erant,
1254 3986 1285 4043 et
1305 3983 1399 4042 allata

280 4111 360 4154 nova
386 4112 462 4169 quae
493 4094 643 4170 acquisita
663 4113 767 4153 rursus
794 4096 944 4154 evertunt.
986 4094 1021 4152 ld
1046 4113 1139 4153 unum
1163 4112 1210 4152 me
1234 4093 1398 4152 sollicitum

280 4202 386 4276 habet,
418 4221 456 4262 ne
486 4203 699 4264 retrocessione
720 4203 781 4262 ista
801 4183 1023 4279 Groningcnses
1047 4202 1080 4261 in
1101 4220 1211 4263 novam
1236 4219 1319 4277 spem
1339 4200 1398 4259 eri·

203 4349 205 4354 ,
279 4315 405 4390 gantur,
427 4315 517 4389 atque
545 4313 578 4372 in
602 4291 792 4388 talem-quae
813 4311 925 4372 iterum
946 4312 1007 4372 illis
1029 4312 1242 4390 cogitationem
1264 4310 1300 4370 de
1324 4327 1397 4384 pace

278 4421 397 4497 eripiat.
448 4422 508 4494 Ne,
532 4422 679 4501 inquam,
697 4422 782 4498 justo
803 4421 860 4482 Dei
877 4421 991 4498 judicio
1013 4423 1061 4484 vel
1090 4440 1219 4499 cousque
1240 4420 1395 4496 procedat,

278 4530 371 4590 donec
398 4549 461 4590 non
487 4530 584 4590 solum
617 4515 689 4609 ager
709 4533 811 4592 noster
832 4549 894 4590 una
915 4549 981 4591 curn
1004 4533 1121 4606 vestro,
1146 4531 1197 4590 sed
1219 4531 1249 4588 et
1268 4528 1336 4604 ipsa
1353 4527 1396 4586 ei-

278 4639 356 4701 vitas
376 4640 513 4700 funditus
534 4643 653 4716 porcat,
674 4641 722 4702 vel
743 4641 775 4700 in
796 4643 959 4703 extremam
984 4640 1160 4700 servitutem
1182 4639 1272 4698 simul
1293 4655 1394 4697 omnes
