3020 5360
418 545 459 587 AD
480 542 598 586 Paruum
618 541 894 586 EYPERPHRAGMCM.

423 723 464 767 Ab
485 723 604 766 Paruum
624 719 903 766 HYPERPHRAGMUM.

733 960 735 965 Ι
828 883 1177 961 Korn,sspri11581.

135 1025 284 1086 Salutem.
326 1025 430 1096 Qualis
451 1025 531 1100 apud
556 1043 609 1084 vos
633 1043 736 1083 rerum
761 1025 938 1099 statuerit,
969 1024 1026 1084 tibi
1045 1025 1133 1104 longe
1155 1045 1217 1086 me·

96 1139 153 1197 lius
185 1135 355 1212 praesenti,
389 1153 480 1211 quam
511 1133 587 1192 mihi
622 1133 739 1193 absenti
764 1137 898 1205 constat,
930 1135 981 1193 sed
1002 1136 1105 1194 tamen
1125 1134 1218 1194 talem

99 1266 159 1306 esse
185 1247 292 1317 video,
323 1248 360 1304 ut
390 1262 452 1303 non
471 1243 663 1302 inhumanis
683 1243 812 1320 negotiis
836 1246 976 1317 tantum,
998 1244 1050 1304 sed
1074 1244 1166 1304 etiam
1186 1245 1219 1304 in
1247 1263 1251 1272 ·

99 1355 211 1414 divinis
234 1374 344 1433 magna
364 1353 527 1430 patientia,
549 1352 676 1412 lenitate
697 1355 727 1411 et
748 1353 954 1412 misericordia
975 1372 1050 1430 opus
1071 1354 1120 1414 sit.
1156 1353 1218 1413 Ha-

98 1463 150 1523 bet
181 1463 265 1524 Deus
297 1463 464 1523 constituta
496 1455 550 1521 sua
570 1466 721 1538 tempora,
742 1462 835 1522 hebet
856 1466 954 1522 certos
975 1464 1078 1524 modos
1099 1467 1130 1524 et
1150 1482 1219 1542 gra-

99 1572 170 1645 dus,
205 1573 313 1649 quibus
345 1591 376 1632 se
408 1572 506 1649 ipsum
531 1574 563 1630 et
583 1572 772 1631 voluntatem
800 1589 884 1630 suam
913 1572 1066 1649 patefacit.
1109 1573 1220 1636 Sedet

99 1699 145 1740 res
166 1681 251 1758 ipsae
274 1683 306 1742 in
328 1701 358 1742 se
379 1684 455 1742 tales
476 1685 563 1754 sunt,
595 1681 729 1741 homiues
763 1681 854 1741 etiam
875 1681 920 1742 ita
941 1683 1039 1743 affecti
1056 1686 1092 1756 et
1113 1684 1220 1762 depra-

99 1792 164 1851 vati
197 1796 283 1867 sunt,
314 1795 350 1851 ut
382 1792 441 1851 nisi
469 1791 572 1850 ordine
593 1794 624 1851 et
644 1791 795 1868 gradatim
817 1795 926 1870 ageret
940 1792 1035 1878 Deus,
1057 1793 1153 1853 omnis
1174 1795 1220 1870 ip·

101 1900 162 1960 sius
180 1902 280 1980 gratia
301 1902 333 1961 in
352 1902 480 1960 nihilum
500 1901 655 1961 recideret.
697 1899 745 1959 Ad
766 1902 846 1977 quod
863 1901 980 1960 utinam
1002 1902 1136 1962 homines
1150 1921 1220 1963 nos·

101 2010 140 2068 tri
165 2001 316 2086 temporis
333 2011 422 2086 paulo
451 2010 518 2087 plus
539 2009 750 2082 intendissent,
774 2027 837 2068 uon
858 2009 956 2069 solum
969 2011 1155 2086 pacatiorem
1166 2012 1220 2072 ha·

103 2117 241 2179 heremus
273 2119 489 2196 rempublicam
520 2119 572 2178 sed
603 2121 635 2178 et
659 2122 762 2178 coetus
783 2119 997 2179 ecclesiasticos
1017 2120 1168 2181 erroribus
1190 2125 1222 2182 et

101 2229 184 2288 vitiis
208 2229 308 2288 minus
330 2229 512 2306 inquinatos.
564 2227 678 2298 Quibus
706 2228 879 2288 destruendi
911 2247 985 2304 opus
1005 2229 1215 2303 incumbebat,

104 2337 149 2396 his
180 2355 243 2397 non
270 2337 421 2397 satisfuit
443 2338 476 2395 in
497 2336 555 2398 isto
578 2356 698 2397 munere
719 2338 821 2396 fideles
843 2357 874 2396 se
895 2336 1047 2409 exhibere,
1069 2339 1121 2398 sed
1134 2342 1221 2418 quasi

104 2445 135 2504 in
154 2447 253 2506 medio
275 2447 475 2508 demolitionis
498 2447 609 2508 veteris
631 2439 774 2522 aedilicii,
795 2466 907 2508 nevum
928 2449 960 2529 in
981 2450 1092 2525 veteri,
1115 2451 1164 2511 vel
1185 2471 1221 2511 ex

105 2557 200 2615 reteri
224 2557 380 2616 aedificare
400 2559 586 2636 inceperunt.
628 2557 685 2628 Qui
706 2558 871 2636 paedagogi
892 2560 924 2618 in
946 2559 1035 2619 litera
1055 2579 1117 2621 esse
1132 2560 1220 2620 debe·

104 2665 193 2740 bant,
214 2666 253 2724 ad
274 2669 538 2744 superstitionum,
561 2687 694 2727 errorum
717 2672 747 2728 et
768 2672 959 2744 peccatorum
980 2671 1166 2749 agnitionem
1189 2670 1221 2729 hi

105 2777 209 2835 statim
225 2777 270 2838 'se
293 2794 348 2852 pro
370 2777 514 2853 apostolis
537 2775 649 2836 Christi
669 2780 700 2837 et
720 2775 776 2854 pro=
795 2778 939 2858 delegatis
960 2780 1217 2856 dispensatoribus

107 2888 318 2965 mysteriorum
348 2888 405 2946 Dei
433 2887 639 2947 venditarunt.
680 2888 738 2945 Pro
765 2888 855 2947 litera
876 2889 1022 2966 gratiam,
1044 2908 1099 2965 pro
1120 2861 1222 2966 poeni-

107 3000 203 3058 tentia
224 2998 376 3058 verbalem
397 3000 589 3073 peccatorum
609 2997 843 3071 absolutionem,
865 3017 918 3074 pro
940 2999 1108 3059 ostensione
1129 3001 1223 3062 iuter-

108 3127 163 3168 nae
183 3109 353 3182 doctrinae,
375 3128 466 3184 quam
487 3127 505 3167 a
527 3106 653 3168 Christo·
666 3108 698 3166 in
719 3106 834 3184 Spiritu
861 3107 970 3167 Sancto
995 3113 1150 3184 expectare
1173 3112 1223 3171 dc·

108 3216 235 3292 bebant,
256 3219 369 3276 nudam
389 3217 473 3279 verbi
493 3217 762 3294 praedicationem,
784 3236 839 3292 pro
856 3217 976 3278 interna
998 3219 1167 3295 ablutione,
1182 3221 1223 3280 ci-

109 3323 228 3386 batione
257 3329 289 3385 ct
318 3327 488 3402 potatione,
522 3329 659 3386 externas
689 3327 869 3387 ceremonias
891 3329 922 3387 et
943 3333 1148 3404 sacramenta,
1168 3350 1223 3407 pro

108 3454 178 3496 vera
202 3439 233 3495 et
254 3436 407 3495 essentiali
425 3435 547 3511 justitia
567 3435 798 3510 imputativam,
818 3456 873 3514 pro
895 3437 1034 3514 operibus
1049 3439 1119 3498 fidei
1133 3460 1224 3517 opera

108 3547 197 3625 legis,
229 3547 355 3623 denique
386 3564 440 3621 pro
472 3546 699 3622 regeneratione
720 3546 912 3606 umbratilem
935 3548 1085 3624 quandam
1108 3551 1224 3609 externi

108 3654 235 3716 hominis
256 3655 492 3715 emendationem
512 3655 601 3714 multi
621 3675 657 3713 ex
679 3655 715 3715 iis
737 3657 984 3716 commendarunt
1004 3661 1035 3716 et
1048 3657 1223 3721 introduxe-

109 3771 189 3828 runt.
230 3767 267 3826 In
287 3785 404 3827 summa
425 3767 464 3826 ad
484 3766 616 3825 ordinem
640 3769 671 3827 et
685 3785 803 3826 cursum
819 3768 902 3827 verbi
916 3767 973 3827 Dei
987 3768 1076 3843 pauci
1089 3789 1224 3845 respexe-

109 3879 196 3949 runt,
228 3876 362 3956 plerique
392 3875 513 3953 proprio
537 3894 591 3934 suo
613 3875 723 3947 officio,
752 3877 832 3954 quod
852 3875 901 3936 vel
921 3877 1002 3936 zaelo
1025 3879 1155 3956 quodam
1177 3899 1224 3940 as·

111 3989 318 4064 sumpserant,
355 3987 403 4046 vel
441 3985 514 4062 ipsis
546 4005 565 4045 a
596 3987 658 4046 Deo
691 3986 790 4062 aliquo
821 3988 910 4044 modo
941 3987 1112 4064 injunctum
1143 3994 1224 4064 erat,

111 4095 268 4169 derelicto,
310 4097 439 4156 officium
474 4094 587 4155 Christi
618 4099 649 4156 et
679 4096 917 4173 dipensationem
949 4095 1079 4173 Spiritus
1113 4097 1225 4160 Christi

112 4206 210 4266 subire
231 4206 407 4279 voluerunt,
439 4225 507 4266 cum
527 4205 604 4264 nihil
625 4206 706 4266 aliud
726 4207 823 4266 facere
842 4206 1029 4279 debuissent,
1050 4227 1141 4284 quam
1161 4208 1225 4268 ido·

112 4314 274 4387 lomanias,
302 4315 448 4375 humanas
479 4316 710 4376 constitutiones
741 4319 773 4375 et
804 4319 927 4392 peccata
946 4316 1092 4387 indicare3
1114 4337 1168 4394 per
1188 4320 1226 4378 li·

112 4426 206 4483 teram
235 4423 273 4482 ad
305 4423 457 4483 Christum
488 4424 568 4482 viam
599 4427 782 4498 monstrare,
815 4444 919 4485 verum
950 4425 1055 4484 literae
1089 4425 1225 4489 intellec·

112 4535 191 4604 tum,
222 4531 426 4592 remissionem
459 4536 664 4608 peccatorum,
696 4533 833 4594 vivificae
865 4532 935 4592 fidei
965 4535 996 4592 et
1013 4532 1153 4609 justitiae
1175 4553 1224 4596 ac·

112 4642 304 4718 quisitionem
335 4660 353 4701 a
383 4641 500 4703 Christo
540 4645 602 4704 solo
633 4644 793 4721 petendam
826 4647 857 4703 et
888 4643 1080 4704 obtinendam
1111 4643 1224 4703 dooere.

1286 4625 1297 4663 l
