<?xml version="1.0" encoding="UTF-8"?>
<!DOCTYPE html PUBLIC "-//W3C//DTD XHTML 1.0 Transitional//EN"
    "http://www.w3.org/TR/xhtml1/DTD/xhtml1-transitional.dtd">
<html xmlns="http://www.w3.org/1999/xhtml" xml:lang="en" lang="en">
 <head>
  <title>
</title>
<meta http-equiv="Content-Type" content="text/html;charset=utf-8" />
  <meta name='ocr-system' content='tesseract 3.04.00' />
  <meta name='ocr-capabilities' content='ocr_page ocr_carea ocr_par ocr_line ocrx_word'/>
</head>
<body>
  <div class='ocr_page' id='page_1' title='image "./briefedesaggaeu00ackegoog_0025.png"; bbox 0 0 3028 5348; ppageno 0'>
   <div class='ocr_carea' id='block_1_1' title="bbox 796 475 850 516">
    <p class='ocr_par' dir='ltr' id='par_1_1' title="bbox 796 475 850 516">
     <span class='ocr_line' id='line_1_1' title="bbox 796 475 850 516; baseline -0.019 0"><span class='ocrx_word' id='word_1_1' title='bbox 796 475 850 516; x_wconf 83' lang='lat' dir='ltr'><strong>XIV</strong></span> 
     </span>
    </p>
   </div>
   <div class='ocr_carea' id='block_1_2' title="bbox 379 598 1383 3657">
    <p class='ocr_par' dir='ltr' id='par_1_2' title="bbox 542 598 1383 1019">
     <span class='ocr_line' id='line_1_2' title="bbox 544 598 1382 714; baseline 0.004 -21"><span class='ocrx_word' id='word_1_2' title='bbox 544 634 673 694; x_wconf 94' lang='lat' dir='ltr'><strong>Domino</strong></span> <span class='ocrx_word' id='word_1_3' title='bbox 694 634 731 694; x_wconf 91' lang='lat' dir='ltr'><strong>de</strong></span> <span class='ocrx_word' id='word_1_4' title='bbox 756 635 895 695; x_wconf 86' lang='lat' dir='ltr'><strong>Nienort.</strong></span> <span class='ocrx_word' id='word_1_5' title='bbox 936 634 981 694; x_wconf 94' lang='lat' dir='ltr'><strong>De</strong></span> <span class='ocrx_word' id='word_1_6' title='bbox 1002 635 1074 714; x_wconf 85' lang='lat' dir='ltr'><strong>fuga</strong></span> <span class='ocrx_word' id='word_1_7' title='bbox 1093 598 1311 707; x_wconf 64' lang='lat' dir='ltr'><strong>Adueroimsi,</strong></span> <span class='ocrx_word' id='word_1_8' title='bbox 1325 655 1382 696; x_wconf 83' lang='lat' dir='ltr'><strong>uo-</strong></span> 
     </span>
     <span class='ocr_line' id='line_1_3' title="bbox 543 741 1383 820; baseline -0.001 -18"><span class='ocrx_word' id='word_1_9' title='bbox 543 743 661 802; x_wconf 75' lang='lat' dir='ltr'>catione</span> <span class='ocrx_word' id='word_1_10' title='bbox 692 742 878 804; x_wconf 88' lang='lat' dir='ltr'><strong>observanda</strong></span> <span class='ocrx_word' id='word_1_11' title='bbox 909 745 940 803; x_wconf 91' lang='lat' dir='ltr'><strong>et</strong></span> <span class='ocrx_word' id='word_1_12' title='bbox 961 742 1187 816; x_wconf 86' lang='lat' dir='ltr'><strong>satisfacienda,</strong></span> <span class='ocrx_word' id='word_1_13' title='bbox 1210 761 1298 820; x_wconf 86' lang='lat' dir='ltr'><strong>opere</strong></span> <span class='ocrx_word' id='word_1_14' title='bbox 1318 741 1383 801; x_wconf 93' lang='lat' dir='ltr'><strong>Do-</strong></span> 
     </span>
     <span class='ocr_line' id='line_1_4' title="bbox 543 849 1382 926; baseline 0.002 -18"><span class='ocrx_word' id='word_1_15' title='bbox 543 849 634 924; x_wconf 84' lang='lat' dir='ltr'><strong>mini,</strong></span> <span class='ocrx_word' id='word_1_16' title='bbox 661 850 823 926; x_wconf 88' lang='lat' dir='ltr'><strong>libertate,</strong></span> <span class='ocrx_word' id='word_1_17' title='bbox 852 850 1044 913; x_wconf 74' lang='lat' dir='ltr'><strong>conversione</strong></span> <span class='ocrx_word' id='word_1_18' title='bbox 1065 854 1097 912; x_wconf 88' lang='lat' dir='ltr'><strong>et</strong></span> <span class='ocrx_word' id='word_1_19' title='bbox 1118 849 1221 912; x_wconf 83' lang='lat' dir='ltr'><strong>divina</strong></span> <span class='ocrx_word' id='word_1_20' title='bbox 1241 850 1382 912; x_wconf 90' lang='lat' dir='ltr'><strong>benedic·</strong></span> 
     </span>
     <span class='ocr_line' id='line_1_5' title="bbox 542 959 634 1019; baseline 0 -1"><span class='ocrx_word' id='word_1_21' title='bbox 542 959 634 1019; x_wconf 85' lang='lat' dir='ltr'><strong>tione.</strong></span> 
     </span>
    </p>

    <p class='ocr_par' dir='ltr' id='par_1_3' title="bbox 384 1065 1381 1457">
     <span class='ocr_line' id='line_1_6' title="bbox 384 1065 1381 1146; baseline 0.002 -20"><span class='ocrx_word' id='word_1_22' title='bbox 384 1067 421 1126; x_wconf 87' lang='lat'><strong>15</strong></span> <span class='ocrx_word' id='word_1_23' title='bbox 432 1065 519 1126; x_wconf 90' lang='lat' dir='ltr'><strong>Julii.</strong></span> <span class='ocrx_word' id='word_1_24' title='bbox 540 1066 625 1127; x_wconf 87' lang='lat' dir='ltr'>Mihi.</span> <span class='ocrx_word' id='word_1_25' title='bbox 656 1067 702 1126; x_wconf 92' lang='lat' dir='ltr'><strong>De</strong></span> <span class='ocrx_word' id='word_1_26' title='bbox 733 1067 917 1144; x_wconf 87' lang='lat' dir='ltr'><strong>profectione</strong></span> <span class='ocrx_word' id='word_1_27' title='bbox 944 1067 977 1129; x_wconf 94' lang='lat' dir='ltr'><strong>in</strong></span> <span class='ocrx_word' id='word_1_28' title='bbox 1003 1067 1215 1141; x_wconf 86' lang='lat' dir='ltr'><strong>Hollandiam,</strong></span> <span class='ocrx_word' id='word_1_29' title='bbox 1243 1072 1381 1146; x_wconf 90' lang='lat' dir='ltr'><strong>tempore</strong></span> 
     </span>
     <span class='ocr_line' id='line_1_7' title="bbox 542 1176 1381 1258; baseline 0.002 -23"><span class='ocrx_word' id='word_1_30' title='bbox 542 1177 703 1252; x_wconf 89' lang='lat' dir='ltr'><strong>bodiemo,</strong></span> <span class='ocrx_word' id='word_1_31' title='bbox 726 1176 1000 1256; x_wconf 83' lang='lat' dir='ltr'><strong>Gronningensium</strong></span> <span class='ocrx_word' id='word_1_32' title='bbox 1021 1179 1208 1258; x_wconf 88' lang='lat' dir='ltr'><strong>plaga,cum</strong></span> <span class='ocrx_word' id='word_1_33' title='bbox 1219 1196 1292 1257; x_wconf 81' lang='lat' dir='ltr'><strong>agro</strong></span> <span class='ocrx_word' id='word_1_34' title='bbox 1309 1197 1381 1238; x_wconf 87' lang='lat' dir='ltr'><strong>con-</strong></span> 
     </span>
     <span class='ocr_line' id='line_1_8' title="bbox 541 1287 1379 1363; baseline 0 -17"><span class='ocrx_word' id='word_1_35' title='bbox 541 1287 705 1362; x_wconf 88' lang='lat' dir='ltr'><strong>troversia,</strong></span> <span class='ocrx_word' id='word_1_36' title='bbox 738 1305 817 1349; x_wconf 86' lang='lat' dir='ltr'><strong>novo</strong></span> <span class='ocrx_word' id='word_1_37' title='bbox 848 1287 1060 1363; x_wconf 85' lang='lat' dir='ltr'><strong>Testamento,</strong></span> <span class='ocrx_word' id='word_1_38' title='bbox 1083 1287 1260 1363; x_wconf 73' lang='lat' dir='ltr'><strong>interceptis</strong></span> <span class='ocrx_word' id='word_1_39' title='bbox 1281 1287 1379 1346; x_wconf 87' lang='lat' dir='ltr'><strong>literis</strong></span> 
     </span>
     <span class='ocr_line' id='line_1_9' title="bbox 541 1395 803 1457; baseline 0.008 -3"><span class='ocrx_word' id='word_1_40' title='bbox 541 1397 580 1455; x_wconf 91' lang='lat' dir='ltr'><strong>ad</strong></span> <span class='ocrx_word' id='word_1_41' title='bbox 600 1395 803 1457; x_wconf 88' lang='lat' dir='ltr'><strong>Nienortium.</strong></span> 
     </span>
    </p>

    <p class='ocr_par' dir='ltr' id='par_1_4' title="bbox 382 1503 1379 1798">
     <span class='ocr_line' id='line_1_10' title="bbox 382 1503 1379 1582; baseline 0.005 -20"><span class='ocrx_word' id='word_1_42' title='bbox 382 1504 421 1562; x_wconf 83' lang='lat'><strong>24</strong></span> <span class='ocrx_word' id='word_1_43' title='bbox 441 1504 521 1582; x_wconf 82' lang='lat' dir='ltr'><strong>Aug.</strong></span> <span class='ocrx_word' id='word_1_44' title='bbox 542 1503 626 1564; x_wconf 89' lang='lat' dir='ltr'><strong>Mihi.</strong></span> <span class='ocrx_word' id='word_1_45' title='bbox 659 1506 703 1565; x_wconf 91' lang='lat' dir='ltr'><strong>De</strong></span> <span class='ocrx_word' id='word_1_46' title='bbox 734 1505 859 1566; x_wconf 89' lang='lat' dir='ltr'><strong>consilio</strong></span> <span class='ocrx_word' id='word_1_47' title='bbox 890 1506 1087 1566; x_wconf 80' lang='lat' dir='ltr'><strong>saluberrimo</strong></span> <span class='ocrx_word' id='word_1_48' title='bbox 1120 1505 1201 1568; x_wconf 87' lang='lat' dir='ltr'><strong>iuter</strong></span> <span class='ocrx_word' id='word_1_49' title='bbox 1221 1505 1379 1568; x_wconf 82' lang='lat' dir='ltr'><strong>ciuitatem</strong></span> 
     </span>
     <span class='ocr_line' id='line_1_11' title="bbox 542 1615 1378 1694; baseline 0.002 -20"><span class='ocrx_word' id='word_1_50' title='bbox 542 1617 573 1674; x_wconf 90' lang='lat' dir='ltr'><strong>et</strong></span> <span class='ocrx_word' id='word_1_51' title='bbox 604 1633 719 1692; x_wconf 84' lang='lat' dir='ltr'><strong>agrum.</strong></span> <span class='ocrx_word' id='word_1_52' title='bbox 774 1615 934 1675; x_wconf 87' lang='lat' dir='ltr'><strong>Alenconii</strong></span> <span class='ocrx_word' id='word_1_53' title='bbox 965 1615 1215 1694; x_wconf 71' lang='lat' dir='ltr'><strong>inauguratione,</strong></span> <span class='ocrx_word' id='word_1_54' title='bbox 1246 1616 1378 1677; x_wconf 88' lang='lat' dir='ltr'><strong>consiliis</strong></span> 
     </span>
     <span class='ocr_line' id='line_1_12' title="bbox 542 1724 741 1798; baseline 0.015 -17"><span class='ocrx_word' id='word_1_55' title='bbox 542 1724 741 1798; x_wconf 88' lang='lat' dir='ltr'><strong>quorundam.</strong></span> 
     </span>
    </p>

    <p class='ocr_par' dir='ltr' id='par_1_5' title="bbox 404 1829 1378 2020">
     <span class='ocr_line' id='line_1_13' title="bbox 404 1829 1378 1912; baseline 0.004 -23"><span class='ocrx_word' id='word_1_56' title='bbox 404 1829 518 1908; x_wconf 77' lang='lat' dir='ltr'><strong>iSopt.</strong></span> <span class='ocrx_word' id='word_1_57' title='bbox 541 1831 624 1890; x_wconf 89' lang='lat' dir='ltr'><strong>Mihi.</strong></span> <span class='ocrx_word' id='word_1_58' title='bbox 665 1831 709 1890; x_wconf 89' lang='lat' dir='ltr'><strong>De</strong></span> <span class='ocrx_word' id='word_1_59' title='bbox 742 1834 901 1893; x_wconf 87' lang='lat' dir='ltr'><strong>concordia</strong></span> <span class='ocrx_word' id='word_1_60' title='bbox 921 1833 1002 1893; x_wconf 88' lang='lat' dir='ltr'><strong>inter</strong></span> <span class='ocrx_word' id='word_1_61' title='bbox 1022 1833 1178 1895; x_wconf 85' lang='lat' dir='ltr'><strong>civitatem</strong></span> <span class='ocrx_word' id='word_1_62' title='bbox 1198 1835 1230 1893; x_wconf 91' lang='lat' dir='ltr'><strong>et</strong></span> <span class='ocrx_word' id='word_1_63' title='bbox 1253 1853 1378 1912; x_wconf 80' lang='lat' dir='ltr'><strong>agrum,</strong></span> 
     </span>
     <span class='ocr_line' id='line_1_14' title="bbox 541 1941 923 2020; baseline 0.005 -20"><span class='ocrx_word' id='word_1_64' title='bbox 541 1941 704 2002; x_wconf 81' lang='lat' dir='ltr'><strong>directione</strong></span> <span class='ocrx_word' id='word_1_65' title='bbox 724 1943 923 2020; x_wconf 85' lang='lat' dir='ltr'><strong>negotiorum.</strong></span> 
     </span>
    </p>

    <p class='ocr_par' dir='ltr' id='par_1_6' title="bbox 401 2051 1376 2242">
     <span class='ocr_line' id='line_1_15' title="bbox 401 2051 1376 2132; baseline 0.005 -24"><span class='ocrx_word' id='word_1_66' title='bbox 401 2052 419 2108; x_wconf 84' lang='lat'>2</span> <span class='ocrx_word' id='word_1_67' title='bbox 445 2051 515 2110; x_wconf 90' lang='lat' dir='ltr'><strong>Dec.</strong></span> <span class='ocrx_word' id='word_1_68' title='bbox 541 2051 625 2111; x_wconf 88' lang='lat' dir='ltr'><strong>Mihi.</strong></span> <span class='ocrx_word' id='word_1_69' title='bbox 667 2051 711 2112; x_wconf 91' lang='lat' dir='ltr'><strong>De</strong></span> <span class='ocrx_word' id='word_1_70' title='bbox 733 2051 885 2112; x_wconf 88' lang='lat' dir='ltr'><strong>deditione</strong></span> <span class='ocrx_word' id='word_1_71' title='bbox 908 2052 992 2113; x_wconf 93' lang='lat' dir='ltr'><strong>urbis</strong></span> <span class='ocrx_word' id='word_1_72' title='bbox 1014 2052 1210 2115; x_wconf 76' lang='lat' dir='ltr'><strong>Toruacensis</strong></span> <span class='ocrx_word' id='word_1_73' title='bbox 1224 2054 1320 2132; x_wconf 89' lang='lat' dir='ltr'><strong>deque</strong></span> <span class='ocrx_word' id='word_1_74' title='bbox 1333 2055 1376 2115; x_wconf 93' lang='lat' dir='ltr'><strong>ci·</strong></span> 
     </span>
     <span class='ocr_line' id='line_1_16' title="bbox 539 2159 881 2242; baseline -0.003 -18"><span class='ocrx_word' id='word_1_75' title='bbox 539 2161 635 2224; x_wconf 83' lang='lat' dir='ltr'><strong>vitate</strong></span> <span class='ocrx_word' id='word_1_76' title='bbox 657 2159 881 2242; x_wconf 83' lang='lat' dir='ltr'><strong>Gronningana.</strong></span> 
     </span>
    </p>

    <p class='ocr_par' dir='ltr' id='par_1_7' title="bbox 381 2269 1375 2894">
     <span class='ocr_line' id='line_1_17' title="bbox 381 2269 1374 2346; baseline 0.006 -20"><span class='ocrx_word' id='word_1_77' title='bbox 381 2269 419 2327; x_wconf 87' lang='lat'><strong>14</strong></span> <span class='ocrx_word' id='word_1_78' title='bbox 444 2269 514 2329; x_wconf 89' lang='lat' dir='ltr'><strong>Dec.</strong></span> <span class='ocrx_word' id='word_1_79' title='bbox 539 2270 625 2330; x_wconf 89' lang='lat' dir='ltr'><strong>Mihi.</strong></span> <span class='ocrx_word' id='word_1_80' title='bbox 646 2271 690 2330; x_wconf 90' lang='lat' dir='ltr'><strong>De</strong></span> <span class='ocrx_word' id='word_1_81' title='bbox 713 2271 889 2332; x_wconf 86' lang='lat' dir='ltr'><strong>Alenconio.</strong></span> <span class='ocrx_word' id='word_1_82' title='bbox 914 2271 1056 2332; x_wconf 80' lang='lat' dir='ltr'><strong>Consiliis</strong></span> <span class='ocrx_word' id='word_1_83' title='bbox 1071 2275 1101 2334; x_wconf 92' lang='lat' dir='ltr'><strong>et</strong></span> <span class='ocrx_word' id='word_1_84' title='bbox 1114 2272 1203 2333; x_wconf 87' lang='lat' dir='ltr'><strong>factis</strong></span> <span class='ocrx_word' id='word_1_85' title='bbox 1218 2273 1374 2346; x_wconf 89' lang='lat' dir='ltr'><strong>ordinum,</strong></span> 
     </span>
     <span class='ocr_line' id='line_1_18' title="bbox 534 2379 1374 2457; baseline 0.006 -19"><span class='ocrx_word' id='word_1_86' title='bbox 534 2379 649 2456; x_wconf 87' lang='lat' dir='ltr'><strong>judicio</strong></span> <span class='ocrx_word' id='word_1_87' title='bbox 681 2379 752 2454; x_wconf 89' lang='lat' dir='ltr'><strong>Dei,</strong></span> <span class='ocrx_word' id='word_1_88' title='bbox 783 2381 881 2440; x_wconf 89' lang='lat' dir='ltr'><strong>literis</strong></span> <span class='ocrx_word' id='word_1_89' title='bbox 911 2381 949 2440; x_wconf 84' lang='lat' dir='ltr'><strong>ed</strong></span> <span class='ocrx_word' id='word_1_90' title='bbox 980 2381 1148 2457; x_wconf 84' lang='lat' dir='ltr'><strong>praesidem</strong></span> <span class='ocrx_word' id='word_1_91' title='bbox 1179 2381 1310 2456; x_wconf 78' lang='lat' dir='ltr'><strong>Frisiae,</strong></span> <span class='ocrx_word' id='word_1_92' title='bbox 1336 2383 1374 2443; x_wconf 88' lang='lat' dir='ltr'><strong>ad</strong></span> 
     </span>
     <span class='ocr_line' id='line_1_19' title="bbox 539 2489 1374 2567; baseline 0.002 -20"><span class='ocrx_word' id='word_1_93' title='bbox 539 2489 656 2548; x_wconf 93' lang='lat' dir='ltr'><strong>Milium</strong></span> <span class='ocrx_word' id='word_1_94' title='bbox 677 2489 843 2567; x_wconf 85' lang='lat' dir='ltr'><strong>praesidem</strong></span> <span class='ocrx_word' id='word_1_95' title='bbox 866 2489 1061 2564; x_wconf 88' lang='lat' dir='ltr'><strong>Hollandiae,</strong></span> <span class='ocrx_word' id='word_1_96' title='bbox 1084 2494 1234 2552; x_wconf 90' lang='lat' dir='ltr'><strong>conventu</strong></span> <span class='ocrx_word' id='word_1_97' title='bbox 1247 2490 1374 2566; x_wconf 86' lang='lat' dir='ltr'><strong>imperii,</strong></span> 
     </span>
     <span class='ocr_line' id='line_1_20' title="bbox 539 2598 1375 2676; baseline 0.002 -20"><span class='ocrx_word' id='word_1_98' title='bbox 539 2598 659 2657; x_wconf 91' lang='lat' dir='ltr'><strong>domino</strong></span> <span class='ocrx_word' id='word_1_99' title='bbox 687 2598 852 2672; x_wconf 80' lang='lat' dir='ltr'><strong>Wriuero,</strong></span> <span class='ocrx_word' id='word_1_100' title='bbox 887 2600 1018 2673; x_wconf 92' lang='lat' dir='ltr'><strong>calculo,</strong></span> <span class='ocrx_word' id='word_1_101' title='bbox 1055 2601 1214 2661; x_wconf 90' lang='lat' dir='ltr'><strong>collatione</strong></span> <span class='ocrx_word' id='word_1_102' title='bbox 1244 2602 1375 2676; x_wconf 89' lang='lat' dir='ltr'><strong>quatuor</strong></span> 
     </span>
     <span class='ocr_line' id='line_1_21' title="bbox 538 2708 1374 2783; baseline 0.002 -16"><span class='ocrx_word' id='word_1_103' title='bbox 538 2708 709 2767; x_wconf 85' lang='lat' dir='ltr'><strong>versionum</strong></span> <span class='ocrx_word' id='word_1_104' title='bbox 720 2709 793 2769; x_wconf 84' lang='lat' dir='ltr'><strong>novi</strong></span> <span class='ocrx_word' id='word_1_105' title='bbox 803 2709 1006 2783; x_wconf 80' lang='lat' dir='ltr'><strong>Testamenti,</strong></span> <span class='ocrx_word' id='word_1_106' title='bbox 1028 2709 1278 2770; x_wconf 85' lang='lat' dir='ltr'><strong>annotationibus</strong></span> <span class='ocrx_word' id='word_1_107' title='bbox 1289 2729 1374 2770; x_wconf 84' lang='lat' dir='ltr'><strong>exus·</strong></span> 
     </span>
     <span class='ocr_line' id='line_1_22' title="bbox 538 2816 1225 2894; baseline 0.006 -19"><span class='ocrx_word' id='word_1_108' title='bbox 538 2816 595 2889; x_wconf 89' lang='lat' dir='ltr'><strong>tis,</strong></span> <span class='ocrx_word' id='word_1_109' title='bbox 616 2817 703 2878; x_wconf 89' lang='lat' dir='ltr'><strong>novis</strong></span> <span class='ocrx_word' id='word_1_110' title='bbox 723 2817 887 2894; x_wconf 73' lang='lat' dir='ltr'><strong>inoboeda,</strong></span> <span class='ocrx_word' id='word_1_111' title='bbox 911 2818 1039 2879; x_wconf 88' lang='lat' dir='ltr'><strong>Heideni</strong></span> <span class='ocrx_word' id='word_1_112' title='bbox 1060 2819 1225 2880; x_wconf 81' lang='lat' dir='ltr'><strong>absentia·</strong></span> 
     </span>
    </p>

    <p class='ocr_par' dir='ltr' id='par_1_8' title="bbox 379 2923 1373 3114">
     <span class='ocr_line' id='line_1_23' title="bbox 379 2923 1373 3004; baseline 0.003 -21"><span class='ocrx_word' id='word_1_113' title='bbox 379 2925 418 2983; x_wconf 84' lang='lat'><strong>25</strong></span> <span class='ocrx_word' id='word_1_114' title='bbox 437 2923 515 2985; x_wconf 82' lang='lat' dir='ltr'><strong>Nor.</strong></span> <span class='ocrx_word' id='word_1_115' title='bbox 538 2923 665 2985; x_wconf 89' lang='lat' dir='ltr'><strong>Domino</strong></span> <span class='ocrx_word' id='word_1_116' title='bbox 696 2927 801 3002; x_wconf 89' lang='lat' dir='ltr'><strong>Mylio.</strong></span> <span class='ocrx_word' id='word_1_117' title='bbox 835 2927 1017 3001; x_wconf 90' lang='lat' dir='ltr'><strong>Alanconio,</strong></span> <span class='ocrx_word' id='word_1_118' title='bbox 1039 2928 1207 2988; x_wconf 91' lang='lat' dir='ltr'><strong>mutatione</strong></span> <span class='ocrx_word' id='word_1_119' title='bbox 1230 2947 1284 3004; x_wconf 87' lang='lat' dir='ltr'><strong>per</strong></span> <span class='ocrx_word' id='word_1_120' title='bbox 1304 2927 1373 2986; x_wconf 92' lang='lat' dir='ltr'><strong>Bel·</strong></span> 
     </span>
     <span class='ocr_line' id='line_1_24' title="bbox 538 3032 1373 3114; baseline 0 -20"><span class='ocrx_word' id='word_1_121' title='bbox 538 3036 637 3114; x_wconf 72' lang='lat' dir='ltr'><strong>gium,</strong></span> <span class='ocrx_word' id='word_1_122' title='bbox 659 3037 820 3112; x_wconf 84' lang='lat' dir='ltr'><strong>provinciis</strong></span> <span class='ocrx_word' id='word_1_123' title='bbox 841 3037 904 3097; x_wconf 90' lang='lat' dir='ltr'><strong>Deo</strong></span> <span class='ocrx_word' id='word_1_124' title='bbox 926 3041 957 3098; x_wconf 91' lang='lat' dir='ltr'><strong>et</strong></span> <span class='ocrx_word' id='word_1_125' title='bbox 971 3037 1126 3098; x_wconf 85' lang='lat' dir='ltr'><strong>ordinibus</strong></span> <span class='ocrx_word' id='word_1_126' title='bbox 1140 3032 1373 3108; x_wconf 86' lang='lat' dir='ltr'><strong>committendis,</strong></span> 
     </span>
    </p>

    <p class='ocr_par' dir='ltr' id='par_1_9' title="bbox 416 3145 1373 3333">
     <span class='ocr_line' id='line_1_25' title="bbox 416 3145 1373 3222; baseline 0.002 -20"><span class='ocrx_word' id='word_1_127' title='bbox 416 3185 418 3190; x_wconf 85' lang='lat'><em>-</em></span> <span class='ocrx_word' id='word_1_128' title='bbox 538 3145 678 3206; x_wconf 87' lang='lat' dir='ltr'><strong>libertale</strong></span> <span class='ocrx_word' id='word_1_129' title='bbox 699 3147 833 3222; x_wconf 86' lang='lat' dir='ltr'><strong>patriae,</strong></span> <span class='ocrx_word' id='word_1_130' title='bbox 851 3147 939 3206; x_wconf 89' lang='lat' dir='ltr'><strong>modo</strong></span> <span class='ocrx_word' id='word_1_131' title='bbox 954 3147 1106 3207; x_wconf 88' lang='lat' dir='ltr'><strong>tractandi</strong></span> <span class='ocrx_word' id='word_1_132' title='bbox 1121 3145 1373 3222; x_wconf 88' lang='lat' dir='ltr'><strong>subditos,justi·</strong></span> 
     </span>
     <span class='ocr_line' id='line_1_26' title="bbox 537 3255 1278 3333; baseline 0 -19"><span class='ocrx_word' id='word_1_133' title='bbox 537 3255 598 3314; x_wconf 87' lang='lat' dir='ltr'><strong>tiae</strong></span> <span class='ocrx_word' id='word_1_134' title='bbox 609 3255 887 3330; x_wconf 88' lang='lat' dir='ltr'><strong>administratione,</strong></span> <span class='ocrx_word' id='word_1_135' title='bbox 901 3256 1094 3330; x_wconf 86' lang='lat' dir='ltr'><strong>Germanice,</strong></span> <span class='ocrx_word' id='word_1_136' title='bbox 1108 3256 1278 3333; x_wconf 81' lang='lat' dir='ltr'><strong>Hispaniae.</strong></span> 
     </span>
    </p>

    <p class='ocr_par' dir='ltr' id='par_1_10' title="bbox 379 3361 1373 3657">
     <span class='ocr_line' id='line_1_27' title="bbox 379 3361 1373 3444; baseline 0.002 -24"><span class='ocrx_word' id='word_1_137' title='bbox 379 3361 525 3444; x_wconf 79' lang='lat' dir='ltr'><strong>Cal.Dec.</strong></span> <span class='ocrx_word' id='word_1_138' title='bbox 539 3363 576 3422; x_wconf 91' lang='lat' dir='ltr'><strong>D.</strong></span> <span class='ocrx_word' id='word_1_139' title='bbox 598 3364 697 3425; x_wconf 88' lang='lat' dir='ltr'><strong>Praes.</strong></span> <span class='ocrx_word' id='word_1_140' title='bbox 730 3364 853 3441; x_wconf 84' lang='lat' dir='ltr'><strong>Aysma.</strong></span> <span class='ocrx_word' id='word_1_141' title='bbox 894 3366 939 3424; x_wconf 90' lang='lat' dir='ltr'><strong>De</strong></span> <span class='ocrx_word' id='word_1_142' title='bbox 959 3366 1116 3425; x_wconf 85' lang='lat' dir='ltr'><strong>idolatriae</strong></span> <span class='ocrx_word' id='word_1_143' title='bbox 1138 3365 1307 3440; x_wconf 85' lang='lat' dir='ltr'><strong>eversione,</strong></span> <span class='ocrx_word' id='word_1_144' title='bbox 1328 3363 1373 3422; x_wconf 90' lang='lat' dir='ltr'><strong>di·</strong></span> 
     </span>
     <span class='ocr_line' id='line_1_28' title="bbox 539 3472 1373 3549; baseline -0.002 -16"><span class='ocrx_word' id='word_1_145' title='bbox 539 3473 610 3533; x_wconf 85' lang='lat' dir='ltr'><strong>vina</strong></span> <span class='ocrx_word' id='word_1_146' title='bbox 630 3474 831 3549; x_wconf 87' lang='lat' dir='ltr'><strong>protectione,</strong></span> <span class='ocrx_word' id='word_1_147' title='bbox 854 3475 890 3534; x_wconf 89' lang='lat' dir='ltr'><strong>de</strong></span> <span class='ocrx_word' id='word_1_148' title='bbox 910 3475 998 3534; x_wconf 87' lang='lat' dir='ltr'><strong>malis</strong></span> <span class='ocrx_word' id='word_1_149' title='bbox 1019 3475 1056 3534; x_wconf 90' lang='lat' dir='ltr'><strong>ab</strong></span> <span class='ocrx_word' id='word_1_150' title='bbox 1077 3474 1214 3534; x_wconf 89' lang='lat' dir='ltr'><strong>hostibus</strong></span> <span class='ocrx_word' id='word_1_151' title='bbox 1235 3477 1266 3534; x_wconf 90' lang='lat' dir='ltr'><strong>et</strong></span> <span class='ocrx_word' id='word_1_152' title='bbox 1285 3472 1373 3532; x_wconf 87' lang='lat' dir='ltr'><strong>nobis</strong></span> 
     </span>
     <span class='ocr_line' id='line_1_29' title="bbox 538 3581 1370 3657; baseline -0.001 -18"><span class='ocrx_word' id='word_1_153' title='bbox 538 3581 626 3657; x_wconf 87' lang='lat' dir='ltr'><strong>ipsis,</strong></span> <span class='ocrx_word' id='word_1_154' title='bbox 647 3581 807 3641; x_wconf 87' lang='lat' dir='ltr'><strong>insolentia</strong></span> <span class='ocrx_word' id='word_1_155' title='bbox 827 3582 976 3653; x_wconf 91' lang='lat' dir='ltr'><strong>militum,</strong></span> <span class='ocrx_word' id='word_1_156' title='bbox 1008 3582 1091 3642; x_wconf 88' lang='lat' dir='ltr'><strong>clade</strong></span> <span class='ocrx_word' id='word_1_157' title='bbox 1115 3581 1370 3640; x_wconf 87' lang='lat' dir='ltr'><strong>Nienortanorum</strong></span> 
     </span>
    </p>
   </div>
   <div class='ocr_carea' id='block_1_3' title="bbox 377 3689 1371 4204">
    <p class='ocr_par' dir='ltr' id='par_1_11' title="bbox 377 3689 1371 4204">
     <span class='ocr_line' id='line_1_30' title="bbox 538 3689 1371 3768; baseline -0.002 -18"><span class='ocrx_word' id='word_1_158' title='bbox 538 3693 569 3750; x_wconf 92' lang='lat' dir='ltr'><strong>et</strong></span> <span class='ocrx_word' id='word_1_159' title='bbox 588 3689 770 3768; x_wconf 84' lang='lat' dir='ltr'><strong>Anglorum,</strong></span> <span class='ocrx_word' id='word_1_160' title='bbox 792 3690 950 3768; x_wconf 88' lang='lat' dir='ltr'><strong>disciplina</strong></span> <span class='ocrx_word' id='word_1_161' title='bbox 969 3690 1110 3764; x_wconf 87' lang='lat' dir='ltr'><strong>militari,</strong></span> <span class='ocrx_word' id='word_1_162' title='bbox 1140 3690 1271 3751; x_wconf 89' lang='lat' dir='ltr'><strong>consiliis</strong></span> <span class='ocrx_word' id='word_1_163' title='bbox 1293 3689 1371 3749; x_wconf 89' lang='lat' dir='ltr'><strong>ordi·</strong></span> 
     </span>
     <span class='ocr_line' id='line_1_31' title="bbox 537 3798 1370 3874; baseline 0 -17"><span class='ocrx_word' id='word_1_164' title='bbox 537 3817 627 3874; x_wconf 90' lang='lat' dir='ltr'><strong>num,</strong></span> <span class='ocrx_word' id='word_1_165' title='bbox 666 3800 872 3859; x_wconf 84' lang='lat' dir='ltr'><strong>conservanda</strong></span> <span class='ocrx_word' id='word_1_166' title='bbox 905 3798 1064 3873; x_wconf 88' lang='lat' dir='ltr'><strong>libertate,</strong></span> <span class='ocrx_word' id='word_1_167' title='bbox 1096 3798 1222 3859; x_wconf 89' lang='lat' dir='ltr'><strong>ecclesia</strong></span> <span class='ocrx_word' id='word_1_168' title='bbox 1251 3798 1307 3858; x_wconf 91' lang='lat' dir='ltr'><strong>Dei</strong></span> <span class='ocrx_word' id='word_1_169' title='bbox 1338 3798 1370 3857; x_wconf 90' lang='lat' dir='ltr'><strong>iu</strong></span> 
     </span>
     <span class='ocr_line' id='line_1_32' title="bbox 538 3907 652 3986; baseline 0.018 -20"><span class='ocrx_word' id='word_1_170' title='bbox 538 3907 652 3986; x_wconf 86' lang='lat' dir='ltr'><strong>Belgio.</strong></span> 
     </span>
     <span class='ocr_line' id='line_1_33' title="bbox 377 4015 1371 4094; baseline 0.002 -19"><span class='ocrx_word' id='word_1_171' title='bbox 377 4015 416 4078; x_wconf 72' lang='lat'><strong>‘17</strong></span> <span class='ocrx_word' id='word_1_172' title='bbox 442 4017 514 4077; x_wconf 89' lang='lat' dir='ltr'><strong>Dec.</strong></span> <span class='ocrx_word' id='word_1_173' title='bbox 538 4017 666 4077; x_wconf 90' lang='lat' dir='ltr'><strong>Domino</strong></span> <span class='ocrx_word' id='word_1_174' title='bbox 698 4018 833 4077; x_wconf 83' lang='lat' dir='ltr'><strong>Adriano</strong></span> <span class='ocrx_word' id='word_1_175' title='bbox 864 4037 883 4076; x_wconf 85' lang='lat' dir='ltr'><strong>a</strong></span> <span class='ocrx_word' id='word_1_176' title='bbox 914 4017 1025 4094; x_wconf 84' lang='lat' dir='ltr'><strong>Mylan.</strong></span> <span class='ocrx_word' id='word_1_177' title='bbox 1066 4019 1122 4079; x_wconf 65' lang='lat' dir='ltr'><strong>&#39;De</strong></span> <span class='ocrx_word' id='word_1_178' title='bbox 1144 4021 1295 4080; x_wconf 81' lang='lat' dir='ltr'><strong>conventu</strong></span> <span class='ocrx_word' id='word_1_179' title='bbox 1315 4017 1371 4077; x_wconf 91' lang='lat' dir='ltr'><strong>im·</strong></span> 
     </span>
     <span class='ocr_line' id='line_1_34' title="bbox 474 4108 1371 4204; baseline 0.003 -20"><span class='ocrx_word' id='word_1_180' title='bbox 474 4195 477 4202; x_wconf 28' lang='lat'>¹</span> <span class='ocrx_word' id='word_1_181' title='bbox 537 4125 627 4204; x_wconf 90' lang='lat' dir='ltr'><strong>perii,</strong></span> <span class='ocrx_word' id='word_1_182' title='bbox 658 4129 743 4187; x_wconf 87' lang='lat' dir='ltr'><strong>stetu</strong></span> <span class='ocrx_word' id='word_1_183' title='bbox 773 4145 873 4186; x_wconf 91' lang='lat' dir='ltr'><strong>rerum</strong></span> <span class='ocrx_word' id='word_1_184' title='bbox 895 4126 1102 4204; x_wconf 71' lang='lat' dir='ltr'><strong>Belgicam,</strong></span> <span class='ocrx_word' id='word_1_185' title='bbox 1125 4108 1290 4187; x_wconf 85' lang='lat' dir='ltr'><strong>deiectione</strong></span> <span class='ocrx_word' id='word_1_186' title='bbox 1309 4145 1371 4187; x_wconf 92' lang='lat' dir='ltr'><strong>me·</strong></span> 
     </span>
    </p>
   </div>
   <div class='ocr_carea' id='block_1_4' title="bbox 259 4235 1371 4626">
    <p class='ocr_par' dir='ltr' id='par_1_12' title="bbox 259 4235 1371 4626">
     <span class='ocr_line' id='line_1_35' title="bbox 407 4235 969 4312; baseline 0.002 -18"><span class='ocrx_word' id='word_1_187' title='bbox 407 4299 409 4303; x_wconf 62' lang='grc'>,</span> <span class='ocrx_word' id='word_1_188' title='bbox 540 4235 667 4308; x_wconf 84' lang='lat' dir='ltr'><strong>tuenda,</strong></span> <span class='ocrx_word' id='word_1_189' title='bbox 687 4235 794 4296; x_wconf 90' lang='lat' dir='ltr'><strong>bellico</strong></span> <span class='ocrx_word' id='word_1_190' title='bbox 812 4238 969 4312; x_wconf 87' lang='lat' dir='ltr'><strong>apparatu.</strong></span> 
     </span>
     <span class='ocr_line' id='line_1_36' title="bbox 259 4343 1369 4422; baseline -0.001 -18"><span class='ocrx_word' id='word_1_191' title='bbox 259 4345 346 4406; x_wconf 80' lang='lat'><strong>1582.</strong></span> <span class='ocrx_word' id='word_1_192' title='bbox 378 4345 417 4404; x_wconf 81' lang='lat'><strong>28</strong></span> <span class='ocrx_word' id='word_1_193' title='bbox 447 4344 516 4404; x_wconf 85' lang='lat' dir='ltr'><strong>Jan.</strong></span> <span class='ocrx_word' id='word_1_194' title='bbox 537 4343 621 4404; x_wconf 90' lang='lat' dir='ltr'><strong>Mibi.</strong></span> <span class='ocrx_word' id='word_1_195' title='bbox 661 4344 705 4405; x_wconf 91' lang='lat' dir='ltr'><strong>De</strong></span> <span class='ocrx_word' id='word_1_196' title='bbox 726 4343 914 4421; x_wconf 87' lang='lat' dir='ltr'><strong>separatione</strong></span> <span class='ocrx_word' id='word_1_197' title='bbox 936 4343 1117 4404; x_wconf 88' lang='lat' dir='ltr'><strong>Hellandiae</strong></span> <span class='ocrx_word' id='word_1_198' title='bbox 1138 4344 1369 4422; x_wconf 86' lang='lat' dir='ltr'><strong>areliquispro·</strong></span> 
     </span>
     <span class='ocr_line' id='line_1_37' title="bbox 537 4439 1371 4531; baseline -0.005 -16"><span class='ocrx_word' id='word_1_199' title='bbox 537 4454 660 4528; x_wconf 88' lang='lat' dir='ltr'><strong>vinciis,</strong></span> <span class='ocrx_word' id='word_1_200' title='bbox 692 4439 819 4531; x_wconf 81' lang='lat' dir='ltr'><strong>utroque</strong></span> <span class='ocrx_word' id='word_1_201' title='bbox 840 4454 1006 4513; x_wconf 89' lang='lat' dir='ltr'><strong>Alanconio</strong></span> <span class='ocrx_word' id='word_1_202' title='bbox 1029 4457 1059 4514; x_wconf 92' lang='lat' dir='ltr'><strong>et</strong></span> <span class='ocrx_word' id='word_1_203' title='bbox 1083 4453 1231 4530; x_wconf 77' lang='lat' dir='ltr'><strong>Amalec,</strong></span> <span class='ocrx_word' id='word_1_204' title='bbox 1252 4453 1371 4514; x_wconf 88' lang='lat' dir='ltr'><strong>ordina-</strong></span> 
     </span>
     <span class='ocr_line' id='line_1_38' title="bbox 537 4562 1024 4626; baseline -0.006 0"><span class='ocrx_word' id='word_1_205' title='bbox 537 4565 618 4626; x_wconf 91' lang='lat' dir='ltr'><strong>tione</strong></span> <span class='ocrx_word' id='word_1_206' title='bbox 639 4565 676 4624; x_wconf 90' lang='lat' dir='ltr'><strong>do</strong></span> <span class='ocrx_word' id='word_1_207' title='bbox 697 4564 907 4625; x_wconf 89' lang='lat' dir='ltr'><strong>ecclesiasticis</strong></span> <span class='ocrx_word' id='word_1_208' title='bbox 928 4562 1024 4624; x_wconf 88' lang='lat' dir='ltr'><strong>bonis.</strong></span> 
     </span>
    </p>
   </div>
   <div class='ocr_carea' id='block_1_5' title="bbox 0 0 1518 5348">
    <p class='ocr_par' dir='ltr' id='par_1_13' title="bbox 0 0 1518 5348">
     <span class='ocr_line' id='line_1_39' title="bbox 0 0 1518 5348; baseline 0 3"><span class='ocrx_word' id='word_1_209' title='bbox 0 0 1518 5348; x_wconf 95' lang='lat' dir='ltr'><strong> </strong></span> 
     </span>
    </p>
   </div>
  </div>
 </body>
</html>
