3020 5360
273 493 330 554 132
687 508 822 551 uesanos
842 506 970 552 umens.

269 689 330 731 non
356 671 444 732 aliter
472 671 510 730 ad
535 670 592 731 Dei
609 671 802 731 voluntatem
826 688 881 730 nos
904 669 1140 744 conformemus,
1160 669 1277 746 quade
1297 688 1331 728 re
1352 668 1387 728 in

268 779 453 856 praefatione
483 779 559 840 actis
589 778 808 855 pacificationis
839 779 971 854 praefixe
998 778 1114 858 aliquid
1134 778 1332 852 dictumest,
1353 780 1388 837 et

267 887 360 948 latius
391 888 423 947 in
454 887 634 965 supradictis
665 887 799 964 epistolis
829 886 1010 947 ostenditur.
1061 887 1105 946 At
1136 906 1205 947 cum
1226 886 1387 963 politicum

268 995 382 1075 aliquid
402 1015 421 1055 a
442 1016 489 1057 me
509 999 664 1074 expectes,
685 996 762 1056 scias
782 1013 843 1055 non
864 994 973 1055 habere
996 1015 1043 1056 me
1057 997 1090 1055 in
1103 999 1226 1056 externa
1239 995 1387 1074 religione

269 1105 500 1185 melius,‘·quam
530 1106 555 1165 si
587 1105 718 1166 obtineri
744 1106 855 1182 possit,
885 1109 922 1164 ut
945 1105 1021 1166 illud
1044 1105 1226 1184 generaliter
1244 1104 1390 1164 observa.

268 1215 367 1288 retur,
395 1213 474 1291 quod
503 1213 575 1274 olim
595 1213 652 1274 tibi
673 1217 704 1274 et
727 1213 817 1273 Petro
839 1213 1090 1292 Hyperphragmo
1113 1213 1219 1289 scripsi
1239 1216 1270 1274 et
1290 1214 1386 1274 latius

269 1341 287 1381 a
307 1342 355 1381 me
384 1321 496 1380 iterum
525 1320 557 1380 in
586 1340 648 1380 una
669 1339 705 1379 er
726 1320 788 1380 illis
811 1321 947 1397 epistolis
969 1321 1153 1397 explicatur,
1176 1321 1218 1382 sic
1237 1322 1317 1384 enim
1337 1323 1387 1383 ira

269 1431 326 1491 Dei
355 1430 492 1490 nonnihil
524 1431 667 1491 advorsus
699 1449 755 1490 nos
775 1430 865 1490 leniri
887 1431 998 1507 pessit,
1021 1449 1097 1510 quae
1118 1450 1199 1491 nune
1220 1431 1386 1508 perfalsus

269 1537 460 1618 undiquaque
489 1538 642 1599 doctrines
673 1539 770 1618 magis
803 1558 838 1599 ec
868 1540 964 1617 magis
986 1540 1128 1599 irritatur
1148 1544 1180 1599 et
1200 1541 1384 1600 accenditur.

269 1650 382 1709 Deinde
413 1648 439 1710 si
459 1652 598 1726 respectu
621 1649 718 1726 magis
739 1649 778 1708 ed
798 1649 896 1709 Deum
917 1648 1040 1722 habito,
1061 1670 1153 1730 quam
1173 1651 1212 1710 ad
1230 1650 1387 1725 homines,

270 1759 387 1819 omissis
406 1759 458 1831 iis,
479 1758 512 1817 in
533 1758 642 1837 quibus
666 1759 811 1819 hactenus
833 1762 924 1836 etque
946 1759 1036 1818 otiam
1060 1759 1147 1818 hodie
1169 1759 1309 1820 fiduciam
1330 1780 1387 1837 po·

269 1869 369 1930 nimus
389 1870 421 1928 et
436 1868 545 1928 omisso
566 1868 667 1928 studio
689 1867 881 1943 opinionum,
903 1887 980 1947 quae
1001 1886 1062 1927 uon
1079 1868 1219 1945 justitiae
1242 1869 1293 1929 sed
1314 1869 1387 1929 fidei
1508 1873 1509 1898 1

270 1981 350 2038 sumt.
402 1978 534 2055 Populus
562 1976 674 2056 ubique
698 1976 827 2053 primum
853 1977 933 2036 inter
956 1976 1075 2036 moenia
1097 1996 1168 2049 sua,
1190 1977 1294 2056 etqui
1314 1981 1388 2038 sunt

268 2087 358 2146 umius
377 2087 548 2164 provinciae
569 2087 649 2146 inter
670 2106 701 2146 se
721 2088 859 2146 mutuam
880 2087 1070 2146 concordiam
1099 2087 1237 2147 foverent
1269 2089 1301 2146 et
1323 2089 1388 2146 ste-

269 2194 392 2254 bilirent
422 2195 461 2253 ad
491 2194 539 2253 sui
569 2194 770 2253 defensionem
799 2201 830 2253 et
861 2194 1136 2267 conservationem,
1161 2194 1386 2272 adventumque

268 2305 391 2365 Domini
411 2304 556 2365 submisso
578 2308 609 2364 et
628 2303 757 2380 patienti
779 2303 879 2362 animo
901 2307 1112 2380 expectarent,
1125 2304 1285 2380 praecipue
1301 2303 1387 2365 vobis

269 2414 406 2474 Flandn's
438 2414 631 2492 cogitandum
663 2417 725 2488 est,
758 2413 810 2490 qui
831 2413 894 2473 sint
914 2413 961 2472 illi
982 2413 1042 2474 duo
1062 2413 1142 2490 lupi,
1164 2413 1217 2489 qui
1238 2432 1386 2474 mammas

268 2523 414 2584 foeminae
445 2526 564 2584 vestrae
594 2526 723 2600 sugunt,
755 2525 787 2582 et
817 2523 920 2599 quales
946 2523 1007 2582 sint
1029 2523 1094 2596 illi,
1115 2522 1224 2600 quibus
1247 2522 1386 2582 diadema
1439 2542 1442 2547 ·

269 2635 405 2693 vestrum
425 2633 590 2708 imponitis.
632 2632 718 2712 Quod
740 2651 810 2692 vero
832 2632 870 2692 ad
884 2632 999 2692 vicinos
1013 2632 1143 2705 attinet,
1158 2632 1275 2692 utinam
1287 2631 1388 2692 utrin-

150 2787 160 2796 ,
269 2760 326 2817 que
347 2740 565 2800 allaboraretur
585 2760 638 2816 per
658 2742 824 2818 populum,
845 2742 916 2800 dum
938 2741 1082 2818 populum
1095 2740 1179 2815 dico,
1194 2716 1387 2800 nobilitatem

268 2849 430 2927 praecipue
462 2850 616 2929 intelligo,
647 2854 684 2911 ut
705 2851 768 2910 sine
788 2854 925 2928 respectu
947 2851 1116 2927 principum
1139 2870 1210 2910 nam
1230 2869 1319 2926 super
1340 2849 1387 2910 hie

269 2979 322 3020 suo
354 2964 487 3036 tempere
517 2979 553 3019 cx
584 2959 639 3018 Dei
670 2961 827 3021 voluntate
852 2959 997 3019 constitui
1017 2958 1147 3036 poterit,
1168 2958 1225 3035 ipsi
1246 2959 1327 3018 iuter
1349 2976 1380 3018 se

268 3069 304 3128 de
327 3087 401 3144 paee
420 3087 474 3144 per
493 3069 572 3129 viros
600 3068 694 3128 bonos
714 3071 854 3147 agerent,
887 3068 971 3129 saluo
996 3067 1104 3145 cuique
1125 3068 1236 3144 populo
1259 3067 1385 3126 001010-
1507 3067 1508 3094 1

267 3177 371 3257 gibus,
403 3195 457 3238 suo
484 3179 554 3255 jure
575 3181 607 3238 et
626 3177 769 3254 religione
791 3196 887 3254 usque
908 3177 946 3236 od
966 3177 1043 3236 illud
1065 3185 1200 3252 tempus,
1221 3192 1281 3251 quo
1303 3175 1387 3235 Deus

267 3287 390 3363 majoris
421 3288 596 3347 concordiae
627 3290 658 3346 ot
687 3286 909 3362 conjunctionis
940 3304 1047 3346 causas
1078 3285 1180 3358 deret,
1215 3285 1262 3345 vel
1289 3285 1387 3360 quieti

268 3395 405 3455 nonnihil
436 3395 589 3469 restituti,
620 3395 657 3454 de
687 3413 721 3454 eo
753 3395 834 3472 quod
853 3395 886 3453 in
908 3412 1065 3454 commune
1092 3394 1168 3454 utile
1191 3396 1255 3465 est,
1277 3391 1386 3454 melius

268 3504 400 3581 cogitare
424 3504 560 3581 queatis,
593 3503 667 3563 satis
700 3503 779 3563 onim
804 3491 870 3579 jem
891 3503 1033 3582 utrinque
1053 3502 1200 3562 destructi
1226 3502 1314 3577 estis,
1336 3521 1386 3562 sa-

268 3613 309 3672 tis
339 3610 391 3669 diu
421 3614 528 3676 mutua
557 3609 589 3670 in
620 3630 673 3673 vos
713 3611 782 3672 odie
822 3632 857 3671 ex
889 3630 979 3671 eausa
1008 3629 1070 3671 non
1087 3612 1173 3689 justa
1193 3611 1384 3688 exemuistis,

268 3719 411 3799 utrinque
442 3719 580 3796 deinceps
613 3739 734 3798 operum
767 3721 896 3797 daretis,
930 3739 989 3799 quo
1021 3721 1071 3781 vel
1091 3720 1314 3800 pergratiam,
1334 3722 1385 3781 vel

269 3831 375 3912 quevis
413 3829 472 3890 elio
509 3830 597 3891 modo
635 3849 653 3890 e
689 3829 928 3890 destructoribus
970 3828 1078 3889 vestris
1109 3828 1325 3903 libereremini,
1358 3831 1385 3890 si

269 3939 430 4000 seeundum
474 3939 506 3998 id
548 3940 677 4000 obtineri
710 3943 857 4016 nequeat,
890 3938 1067 3999 observetur
1097 3939 1203 3999 saltem
1234 3939 1383 4015 primum,

268 4067 322 4109 nec
353 4051 420 4110 tum
449 4049 524 4108 mibi
554 4049 638 4127 prior
667 4049 721 4109 ille
747 4048 982 4108 reformatorum
1015 4047 1180 4124 sententie,
1208 4066 1301 4124 quam
1332 4068 1383 4108 ex·

267 4157 373 4235 ponis,
414 4156 600 4235 displiceret,
642 4157 694 4217 sed
735 4175 821 4232 spero
865 4156 1075 4234 progrediente
1113 4157 1166 4216 illo
1197 4156 1276 4217 bello
1308 4156 1383 4218 (ier-

267 4267 400 4342 manico,
429 4267 537 4327 melius
571 4266 686 4343 aliquid
722 4267 859 4326 oblatum
892 4265 947 4340 iri3
981 4265 1099 4325 utinam
1129 4265 1217 4327 modo
1252 4267 1285 4327 in
1315 4285 1384 4344 gra-
1506 4289 1507 4320 l

267 4375 343 4435 tiam
364 4393 432 4435 eum
453 4374 516 4434 Deo
537 4374 602 4452 ipso
625 4375 723 4435 redire
743 4393 914 4452 possemus,
937 4393 955 4434 e
975 4393 1035 4451 que
1057 4394 1110 4436 ves
1133 4374 1268 4453 theologi
1287 4376 1382 4436 vostri

267 4503 321 4559 por
350 4482 553 4568 ignorantiam
585 4483 681 4562 magis
711 4484 758 4544 uti
789 4503 891 4560 sporo,
913 4501 1004 4561 quem
1031 4502 1084 4560 per
1105 4481 1269 4559 malitiam,
1291 4503 1382 4561 quam

266 4590 438 4670 longissimo
466 4595 603 4653 avocant.
644 4592 727 4656 Haeo
759 4592 865 4668 habui,
898 4611 975 4670 quae
995 4592 1028 4653 in
1048 4593 1201 4670 praesenti
1219 4594 1259 4654 ad
1277 4593 1381 4653 literas
