3020 5360
487 461 529 504 su
549 460 716 505 nurumros
737 461 865 507 rursus.
1195 449 1231 528 ll

129 624 199 682 trem
218 621 426 685 interverterit
446 624 478 684 et
501 622 599 683 adhue
618 623 857 685 interversurum
881 623 1036 698 videatur,
1056 623 1116 685 nisi
1135 624 1236 686 mode-

127 731 213 792 ratius
232 733 264 791 et
283 730 479 806 tranquillius
499 749 554 790 nos
574 750 610 790 er
631 731 714 792 omni
735 733 823 807 parte
847 749 950 810 gerere
970 731 1165 810 incipiamus,
1180 753 1236 795 nee

127 842 184 898 tem
211 839 333 916 propria
356 839 503 914 quaedam
523 842 645 913 nostre,
677 858 768 915 quem
789 856 868 917 quae
888 838 1007 917 publiea
1026 841 1060 904 in
1080 860 1236 906 eommune

126 948 290 1024 expediunt,
312 948 448 1010 stabilire
474 949 658 1009 studeamus.

161 1055 217 1119 (lur
236 1058 309 1118 haee
326 1057 455 1118 soribam
480 1075 671 1119 commoveor
698 1057 783 1132 istis,
815 1076 893 1136 qnae
918 1076 980 1119 non
999 1058 1045 1118 ita
1063 1077 1161 1135 nuper
1180 1078 1235 1136 per
1322 1093 1325 1099 ·

125 1166 355 1228 illustrissimum
375 1167 539 1245 prinoipem
560 1165 728 1228 Auraieum
752 1170 810 1227 eto.
838 1167 919 1244 apud
939 1185 994 1227 nos
1007 1170 1078 1228 aeta
1090 1170 1123 1229 et
1135 1171 1237 1230 bans

123 1279 186 1338 aeta
197 1296 257 1338 esse
267 1277 365 1338 video.
386 1277 456 1336 Non
469 1276 605 1353 improbo
616 1277 737 1355 quidem
748 1276 966 1337 ordinationem
980 1277 1095 1354 ipsam,
1114 1278 1166 1337 sed
1179 1277 1233 1337 do·

123 1385 165 1446 leo
184 1405 271 1463 super
291 1387 345 1460 iis,
367 1405 443 1465 quae
463 1405 587 1447 oausam
608 1387 670 1447 illis
692 1387 807 1448 dedisse
829 1406 864 1446 ex
878 1405 913 1447 eo
926 1387 1033 1466 eolligo
1049 1388 1234 1464 (quanquam

122 1514 201 1555 nemo
228 1497 284 1570 sit,
317 1499 368 1574 qui
400 1498 497 1557 ullum
520 1496 647 1559 verbum
668 1496 744 1555 mihi
765 1497 800 1556 de
822 1496 967 1573 ejusmodi
992 1495 1081 1556 rebus
1105 1495 1234 1572 privatis

122 1605 266 1682 seripsarit
297 1610 352 1666 aut
381 1606 533 1683 retulerit)
556 1606 664 1683 quibus
688 1624 750 1665 non
773 1623 881 1682 parum
904 1604 979 1663 mihi
1003 1603 1183 1680 adquisitam
1203 1605 1235 1665 et

122 1731 285 1774 conoessum
305 1732 325 1773 a
344 1714 407 1775 Deo
428 1714 600 1775 libertatem
622 1714 767 1791 impedire
793 1713 946 1774 videmini.

158 1821 241 1894 Quod
271 1823 311 1884 ad
341 1823 516 1902 religionem
546 1823 673 1895 attinet,
695 1840 761 1882 sum
781 1821 814 1881 iu
835 1839 870 1880 ea
890 1819 1044 1881 vobisdum
1064 1820 1233 1894 sententia,

119 1951 203 2009 quam
229 1932 330 2008 aliquo
362 1933 479 2010 quoties
509 1931 718 1994 communibus
754 1929 858 1990 amieis
889 1929 1003 1990 nostris
1034 1928 1077 1988 ibi
1099 1929 1181 1991 suasi
1201 1932 1232 1989 et

119 2040 296 2118 significavi,
326 2043 410 2104 nullo
443 2043 531 2104 modo
552 2040 803 2118 permittendum,
825 2041 969 2101 etvetus
990 2039 1234 2115 superstitiosum

117 2149 189 2210 illud
208 2151 444 2212 Romanensinm
463 2151 638 2212 exercitium
658 2149 747 2210 ullibi
766 2150 964 2210 restauretur.
1013 2146 1072 2208 Sed
1091 2150 1128 2208 ut
1146 2165 1233 2225 prae·

117 2258 172 2319 eise
193 2259 285 2320 etiam
308 2278 361 2321 vos
380 2259 436 2319 ulli
457 2259 604 2338 singulari
625 2258 766 2318 exercitio
788 2257 822 2318 in
842 2258 899 2317 hae
913 2255 1080 2318 mutatione
1094 2274 1231 2333 prorsum

118 2366 278 2442 addicatis,
308 2366 358 2429 vel
388 2366 422 2427 in
451 2366 529 2426 illud
560 2367 657 2425 ullum
678 2365 833 2426 subditum
854 2366 1031 2442 promittere
1055 2368 1109 2426 aut
1127 2366 1232 2441 jurare

117 2474 249 2553 faciatis,
269 2493 331 2539 uon
354 2492 477 2554 possum
500 2475 602 2552 aliquo
623 2475 711 2540 modo
734 2475 876 2549 suadere,
897 2475 1039 2535 ultimum
1060 2474 1152 2535 etiam
1173 2475 1231 2535 im·

119 2585 197 2664 pium
223 2589 255 2647 et
278 2585 428 2662 injustum
452 2603 516 2646 esse
536 2584 650 2660 judioo.

153 2695 266 2766 Quibus
297 2696 370 2756 haee
402 2713 450 2756 res
482 2713 501 2754 a
533 2694 596 2754 Deo
624 2692 784 2754 summissa
808 2693 958 2778 ereditur,
987 2693 1034 2753 illi
1061 2711 1130 2754 eum
1150 2709 1230 2758 novo

118 2804 265 2867 exercitio
283 2804 398 2865 faeiant
429 2806 521 2882 prout
552 2801 611 2864 sibi
641 2804 819 2863 mandatum
844 2805 876 2862 et
899 2802 1070 2878 injuratum
1094 2805 1156 2878 est,
1176 2820 1231 2863 neo

119 2917 273 2993 quiequam
300 2915 483 2990 manuleo,
507 2914 588 2990 quod
609 2913 750 2990 ouiquam
771 2931 808 2971 ex
826 2911 888 2972 illis
915 2912 1117 2988 praescribere
1137 2912 1231 2974 velim

118 3027 168 3084 aut
186 3025 315 3103 possim,
345 3043 451 3086 vorum
470 3024 510 3085 ad
534 3041 723 3084 communem
744 3039 849 3099 paoem
873 3023 904 3080 et
925 3021 1116 3081 oouoordiam
1136 3022 1231 3098 perti·

118 3152 183 3194 nere
204 3133 350 3208 arbitror,
371 3110 410 3196 et³
423 3133 513 3196 simul
534 3132 626 3194 etiam
647 3133 686 3192 ad
706 3131 769 3192 irae
783 3130 840 3190 Dei
853 3129 1089 3208 mitigationem,
1105 3132 1141 3190 ut
1154 3148 1230 3206 quae

118 3263 161 3305 res
180 3264 234 3324 per
254 3265 285 3306 se
301 3243 397 3305 libera
417 3247 480 3321 est,
500 3262 567 3306 eam
586 3241 714 3303 liberam
732 3240 954 3319 relinquamus,
980 3257 1035 3300 nee
1058 3256 1230 3317 quenquam

119 3353 154 3412 ad
178 3358 334 3416 externum
366 3353 542 3416 exercitium
566 3352 728 3431 cujuslibet
749 3349 905 3430 religionis
936 3349 1040 3410 striote
1070 3366 1229 3427 rogemus,

117 3481 208 3541 neque
228 3465 304 3526 ulios
324 3465 384 3525 alio
407 3465 539 3542 quodam
559 3462 701 3524 exercitio
726 3461 943 3540 superstitione
965 3461 1070 3523 tamen
1089 3459 1228 3533 emente,

119 3573 144 3632 si
164 3592 225 3636 uon
248 3573 383 3652 publice,
404 3575 512 3636 saltem
532 3592 587 3651 per
606 3573 709 3633 domos
729 3573 850 3632 utentes
875 3570 1097 3648 prohibeamus.
1139 3566 1228 3628 Sum·

119 3683 220 3744 metim
239 3661 369 3758 nemini,
390 3685 442 3762 qui
462 3683 597 3761 alioquin
617 3684 740 3744 honeste
766 3686 798 3742 et
814 3682 899 3758 juste
923 3680 1004 3743 inter
1024 3677 1159 3740 ooneives
1181 3675 1229 3738 vel

118 3791 228 3854 vieinos
253 3812 322 3854 suos
356 3795 519 3854 seeundum
542 3794 623 3874 leges
643 3796 771 3854 naturae
798 3795 830 3852 et
849 3790 987 3868 publioas
1009 3789 1086 3851 vivit
1107 3790 1138 3848 et
1157 3803 1228 3847 oon·

119 3904 252 3962 servatur
274 3902 308 3960 in
328 3901 473 3979 religione
491 3920 599 3981 graves
627 3901 734 3975 simus,
755 3901 805 3961 vel
828 3900 957 3959 aliorum
977 3895 1166 3960 eonsoienliis
1191 3895 1227 3954 de

118 4027 191 4072 novo
211 4011 416 4088 imponamus,
438 4013 518 4089 qued
537 4011 650 4072 uostris
671 4009 786 4086 imponi
806 4009 962 4069 nollemus.

154 4117 330 4194 impediret,
360 4123 454 4196 prout
484 4120 576 4179 etiam
608 4118 641 4179 iu
672 4117 784 4196 Anglia
804 4116 957 4178 obseruari
978 4115 1084 4190 audio,
1105 4115 1228 4190 propter

118 4244 179 4301 eos,
210 4227 319 4306 quibus
349 4229 483 4291 nondum
503 4229 641 4290 doctrina
661 4230 693 4287 et
713 4225 818 4306 religio
842 4225 1073 4287 reformatorum
1092 4220 1228 4284 ecelesia·

117 4353 180 4396 rum
199 4357 345 4416 persuasa
365 4342 425 4413 est,
446 4358 484 4400 ne
503 4358 626 4419 prorsus
647 4337 710 4400 siue
732 4336 790 4396 Dei
809 4335 909 4413 aliquo
930 4334 1015 4395 oultu
1036 4351 1071 4393 ae
1091 4331 1228 4393 doctrina

118 4443 208 4506 uitam
238 4448 347 4526 agant,
368 4448 516 4525 templum
541 4466 636 4508 unum
659 4446 691 4506 in
715 4443 841 4522 singulis
865 4438 1042 4504 civitatibus
1055 4437 1176 4516 'aperiri
1196 4440 1228 4497 et

119 4555 270 4630 eonstitui,
301 4557 334 4617 iu
365 4575 424 4631 quo
455 4556 530 4616 nihil
557 4573 648 4632 quam
668 4552 810 4614 leetiones
835 4551 941 4612 fierent
965 4547 1075 4611 veteris
1103 4549 1134 4608 ot
1154 4545 1226 4607 novi
1334 4544 1339 4552 '
