3020 5360
276 519 336 580 108
687 533 822 578 suenrus
851 535 980 578 suasos.

280 696 360 757 citus
387 695 549 774 Verdugho
576 697 702 771 propter
729 695 872 771 pecuniae
893 697 925 754 et
945 698 1130 755 commeatus
1155 695 1290 772 inopiam
1311 695 1408 755 dissi·

282 808 387 882 petur,
415 805 520 864 multis
542 804 668 882 singulis
700 803 805 864 diebus
825 822 844 862 a
864 803 982 864 vexillis
1003 805 1066 864 suis
1086 803 1328 883 aufugientibus,
1351 806 1410 865 sed

283 917 315 974 et
344 913 443 990 ipsum
476 931 594 993 quoquo
625 911 786 990 Verdugho
811 913 888 972 serio
910 913 947 972 de
967 911 1055 972 abitu
1076 913 1208 991 cogitare
1230 933 1266 974 ex
1285 913 1408 987 literis,

284 1039 359 1100 quas
381 1022 420 1081 ad
440 1021 580 1082 comitem
602 1021 752 1099 quendam
773 1019 857 1079 dedit
876 1022 958 1079 certo
979 1021 1117 1097 cognovi.
1158 1021 1208 1080 Ita
1228 1023 1314 1098 s'pero
1327 1041 1410 1098 pau-

283 1149 334 1191 cos
357 1133 475 1191 exteros
495 1130 684 1206 inpartibus
708 1129 769 1189 illis
790 1148 1020 1205 permansuros,
1042 1137 1150 1190 contra
1162 1133 1313 1191 nostrates
1327 1131 1410 1191 satis

283 1238 377 1300 fortes
408 1239 509 1312 eritis,
542 1242 577 1299 ut
608 1239 735 1315 posthac
766 1257 816 1298 eos
836 1238 875 1296 ab
899 1237 1067 1314 irruptione
1090 1239 1243 1322 avertatis.
1283 1239 1321 1298 In
1347 1240 1410 1299 hoc

285 1349 382 1409 solum
403 1349 564 1426 diligenter
582 1347 757 1425 providete,
779 1347 938 1424 praecipue
958 1348 992 1407 in
1012 1347 1150 1408 Doclrum
1173 1352 1205 1409 ct
1226 1349 1410 1426 Harlingen,

285 1461 322 1518 ut
352 1457 454 1517 fideles
483 1457 527 1516 ibi
557 1454 723 1533 praefectos
744 1455 891 1516 habeatis.
932 1454 1047 1516 Deinde
1065 1477 1103 1517 ne
1123 1458 1294 1518 libertatem
1318 1457 1411 1518 vobis

285 1568 440 1628 statuendi
463 1567 496 1627 in
520 1570 551 1627 et
572 1568 608 1627 de
629 1567 666 1626 iis
687 1584 810 1642 prorsus
831 1566 906 1644 eripi
928 1567 1044 1627 sinatis.
1085 1568 1135 1627 Ita
1155 1568 1247 1627 etiarn
1267 1568 1300 1654 in
1320 1565 1430 1641 aliis,-

286 1695 362 1754 quae
393 1677 432 1736 ad
463 1676 721 1736 conservationem
742 1675 908 1750 libertatis,
927 1675 1044 1752 jurium
1066 1679 1097 1740 et
1116 1675 1264 1736 bonorum
1283 1679 1411 1735 nostro-

285 1805 353 1845 rum
374 1786 537 1862 pertinent.
590 1784 720 1846 Comitia
741 1784 889 1844 dissoluta
911 1788 983 1844 sunt
1005 1787 1094 1845 rebus
1114 1785 1176 1844 fere
1201 1784 1337 1844 omnibus
1359 1785 1412 1844 in·
1503 1847 1505 1850 ,

283 1893 389 1965 fectis,
421 1897 452 1954 et
478 1881 643 1973 =utriusque
665 1894 761 1969 partis
783 1894 890 1953 animis
915 1894 1110 1958 vehementer
1133 1893 1214 1953 inter
1238 1911 1268 1953 se
1292 1893 1411 1952 aliena-

284 2003 334 2063 tis.
386 2003 423 2063 In
453 2004 677 2078 contributione
705 2003 849 2078 pecuniae
870 2004 1010 2064 civitates
1032 2004 1201 2064 consentire
1223 2003 1408 2086 noluerunt,

284 2113 344 2171 nisi
364 2111 541 2189 gravamina
562 2129 664 2169 aarum
687 2111 881 2184 tollerentur,
910 2128 986 2188 quae
1009 2111 1154 2186 majorem
1175 2112 1293 2186 partem
1314 2109 1411 2168 liber·

285 2225 380 2281 tatem
402 2221 555 2299 religionis
578 2226 771 2280 concernunt.
814 2221 872 2279 Sed
893 2221 970 2280 nihil
991 2225 1102 2280 actum.
1134 2220 1307 2294 Auxilium,
1325 2219 1412 2298 quod

283 2331 449 2406 imperator
470 2349 489 2388 a
511 2331 649 2390 statibus
675 2330 797 2406 Imperii
828 2333 935 2390 contra
964 2331 1103 2408 Belgium
1135 2331 1166 2389 in
1198 2331 1330 2398 secunda
1351 2349 1412 2392 sua

285 2441 488 2516 proposItione
520 2441 701 2519 quaerebat,
732 2441 922 2518 denegatum.
963 2440 999 2498 Id
1023 2442 1103 2518 quod
1126 2460 1181 2517 pro
1202 2441 1289 2500 nobis
1309 2441 1411 2499 maxi·

286 2569 369 2608 mum
390 2553 447 2609 est.
488 2548 581 2625 Cujus
601 2550 701 2626 gratia
722 2549 814 2608 etiam
834 2549 946 2626 legatio
961 2569 979 2608 a
993 2549 1180 2609 serenissimo
1194 2550 1268 2608 duce
1284 2549 1410 2635 decreta
1471 2582 1480 2594 ·

286 2661 368 2731 erat,
390 2658 443 2717 scd
463 2677 539 2736 quae
559 2660 630 2732 post
650 2657 872 2717 excusationem
886 2677 984 2716 meam
1004 2658 1104 2717 nescio
1118 2676 1176 2735 quo
1190 2657 1410 2733 impedimento

285 2769 392 2843 postea
411 2766 502 2827 missa
523 2785 583 2825 non
602 2766 672 2826 fuit.

225 2882 228 2888 '
325 2877 436 2937 Noster
466 2877 514 2936 hie
545 2877 742 2954 magistratus
770 2876 902 2937 animose
924 2877 1056 2936 edictum
1076 2876 1227 2948 ediderat,
1249 2875 1285 2935 de
1307 2875 1411 2935 omni·

277 2988 357 3062 bus,
379 2989 431 3066 qui
452 3008 513 3048 non
535 2991 636 3048 essent
657 3007 729 3048 suae
751 2987 903 3065 religionis
926 2987 1090 3064 ejiciendis.
1137 2987 1337 3065 Inquisitores
1360 3007 1412 3048 or·

182 3136 188 3142 ,
286 3099 399 3172 dinati,
420 3099 472 3178 qui
486 3099 517 3158 in
531 3099 659 3175 singulis
672 3098 820 3175 parochiis
834 3099 946 3157 multos
961 3087 1180 3157 examinarunt.
1197 3085 1262 3188 ¹Sed
1271 3096 1412 3158 Iacchum

287 3208 440 3270 obsidione
460 3211 590 3270 liberata
610 3214 642 3270 ot
664 3211 727 3269 Deo
747 3208 886 3268 nonnihil
913 3209 947 3268 in
967 3212 1069 3286 partes
1092 3211 1213 3268 nostras
1237 3207 1411 3268 inclinante

286 3320 446 3381 labascunt
477 3324 508 3380 et
533 3321 737 3381 executionem
757 3339 842 3380 suam
862 3320 894 3380 in
915 3317 1040 3379 mise'ros
1062 3319 1159 3378 solum
1180 3317 1410 3392 anababtistas,

289 3429 341 3507 qui
362 3429 496 3508 alioquin
517 3430 667 3489 neminem
686 3429 813 3488 laedunt
834 3429 1030 3507 omnibusque
1050 3427 1189 3505 partibus
1208 3446 1302 3505 aeque
1315 3427 1412 3487 invisi

289 3549 376 3612 sunt,
408 3540 562 3612 exercent,
590 3557 627 3596 ne
656 3557 718 3598 non
739 3538 853 3616 aliquid
878 3538 972 3616 egisse
1001 3537 1171 3597 rideantur.
1211 3536 1298 3618 Quod
1317 3535 1411 3612 ipsis,

288 3651 325 3708 ut
344 3649 461 3722 metuo,
483 3647 564 3706 Deus
585 3666 646 3707 nou
667 3647 857 3707 condonabit.
1189 3629 1191 3632 ⁵

331 3755 388 3834 (Ex
404 3755 451 3816 lit.
472 3755 589 3833 Burm.)
610 3756 660 3816 Ita
680 3756 821 3815 alacriter
842 3756 967 3816 effectus
989 3771 1165 3830 responsum
1179 3754 1236 3815 feci
1249 3755 1289 3814 ad
1302 3755 1410 3814 literas

288 3864 419 3925 Lindani
432 3856 562 3946 episcopi
575 3865 828 3926 Ruremundensis
840 3866 875 3924 de
886 3865 1010 3926 ecclesia
1021 3865 1146 3943 aliisque
1156 3863 1324 3940 praecipuis
1338 3863 1411 3924 fidei

290 3975 442 4051 articulis,
458 3976 604 4054 seriptum
617 3975 693 4036 illud
707 3994 800 4053 aeque
814 3974 964 4050 prolixum
975 3977 1037 4047 est,
1048 3977 1140 4052 atque
1151 3975 1217 4033 erat
1228 3973 1356 4048 epistola
1370 3973 1410 4031 ad

288 4084 445 4146 Danaeum
479 4085 600 4162 scripta.
646 4084 695 4143 Ab
715 4084 772 4144 hoc
793 4103 984 4160 speraveram
1005 4085 1043 4142 ad
1065 4102 1131 4143 earn
1155 4101 1204 4143 me
1227 4101 1409 4161 responsum

288 4214 406 4274 quoque
431 4195 512 4255 domi
541 4195 752 4273 inventurum,
785 4193 836 4253 sed
868 4192 987 4270 scripsit
1017 4193 1092 4250 mihi
1123 4192 1245 4272 quidam
1276 4191 1408 4264 amicus,

190 4301 198 4315 ²
287 4305 396 4366 Retela
416 4305 551 4381 nomine,
574 4305 625 4385 qui
646 4305 705 4383 ipsi
726 4304 864 4366 Gandavi
884 4304 984 4364 adfuit
1010 4304 1105 4381 deque
1127 4302 1255 4379 epistola
1274 4302 1330 4361 illa
1352 4321 1410 4362 no·

285 4415 388 4476 titiam
418 4415 565 4491 habebat,
596 4435 665 4476 eum
698 4435 760 4476 non
791 4414 934 4475 statuisse
965 4413 1163 4490 respondere,
1190 4431 1297 4473 causas
1317 4412 1409 4472 illum

287 4526 433 4601 quasdam
453 4527 641 4601 praetexere,
663 4543 737 4603 quas
758 4526 861 4584 tamen
881 4540 943 4583 non
964 4521 1100 4598 exponit3
1123 4521 1291 4598 Gruyther,
1316 4540 1409 4601 quern

288 4634 384 4707 nosti,
416 4634 488 4693 haec
513 4634 605 4696 verba
628 4633 703 4692 mibi
731 4631 875 4694 (laudaro
897 4630 1017 4692 scribit:
1046 4629 1199 4706 Salutem,
1220 4633 1257 4692 ut
1277 4648 1332 4690 suo
1351 4649 1410 4692 no·
