3028 5348
494 519 654 566 nussim
684 520 815 563 sessus.
1170 505 1211 564 49
1327 527 1333 548 ⁸

109 684 137 744 in
164 701 222 762 qno
251 683 340 745 rebus
370 684 433 746 tuis
463 684 619 746 consulere
639 685 762 759 petere,
781 681 890 742 seciam
912 680 945 740 id
964 681 1160 743 libentissimo
1180 685 1212 746 et

29 851 30 854 ,
109 792 332 872 diligentissime.
371 792 491 854 Literss
510 792 550 852 ed
572 791 727 852 deminum
747 789 880 852 Alberdn
905 789 951 849 its
975 790 1154 866 conscripsi,
1175 793 1212 852 nt

29 965 30 968 ,
109 919 152 960 ese
171 902 261 962 etism
280 902 400 962 senatui
420 902 640 964 communicare
659 900 772 978 pessit,
792 899 818 960 si
838 919 913 976 opus
932 901 993 973 est,
1014 900 1096 976 qnod
1108 903 1213 963 tcmcn

108 1009 193 1088 ipsius
210 1011 325 1087 judicie
346 1015 378 1072 et
396 1011 523 1072 arbitrio
547 1010 713 1072 committo.
754 1009 784 1068 A
804 1009 924 1068 domino
944 1028 964 1069 s
976 1006 1127 1070 Niennort
1138 1027 1214 1070 non·

109 1119 174 1178 dnm
192 1137 367 1195 responsum
390 1119 509 1195 accepi,
530 1118 621 1178 audio
642 1120 745 1177 tamen
772 1137 841 1176 enm
861 1117 894 1178 in
917 1117 1095 1195 petitionem
1114 1137 1213 1178 meam

110 1227 289 1288 concessisse.
329 1227 426 1286 Miror
443 1227 501 1286 nbi*
517 1227 624 1287 literas
648 1227 779 1300 lctesnt,
799 1244 855 1285 nee
874 1226 990 1305 grntise
1011 1227 1147 1305 cingam
1160 1243 1215 1288 cn·

110 1339 223 1412 teqcsm
242 1353 294 1395 ess
314 1335 431 1414 legero,
451 1353 635 1415 quemqnam
655 1333 752 1396 adhuc
772 1335 905 1396 incertus
918 1334 993 1410 sim,
1012 1354 1053 1395 sn
1071 1335 1214 1397 beneficio

110 1444 333 1505 istontivelim
374 1443 536 1505 Bensvsle
549 1443 592 1502 mi
605 1442 882 1504 Aclremsetnxori
905 1445 977 1504 tuce
995 1461 1115 1504 ornnem
1131 1463 1151 1504 s
1167 1463 1215 1505 me

110 1553 273 1613 salutemet
286 1571 429 1613 amorem.
450 1551 536 1613 Bono
551 1551 651 1612 enimc
665 1554 770 1613 estote.
790 1551 873 1613 Deus
886 1569 941 1612 voe
954 1570 1016 1612 non
1028 1551 1154 1614 deseret.

146 1659 282 1722 Coloniec
302 1660 432 1737 raptim,
454 1661 473 1720 6
493 1659 598 1721 Martii
625 1659 713 1720 1580.

904 1770 987 1830 Tuus
1014 1789 1050 1831 ex
1074 1771 1175 1832 enimc

977 1878 1075 1940 A.A.

144 2204 287 2275 Quorsum
309 2201 426 2261 homlni
454 2201 508 2262 isti
533 2200 715 2278 margarites
735 2203 856 2261 nostres
879 2201 1041 2262 obtulisti?
1081 2203 1141 2263 Pro
1161 2222 1217 2264 no·

109 2312 158 2372 bili
185 2313 220 2374 B.
241 2330 345 2372 omnes
374 2310 524 2387 compecti
553 2314 634 2371 sunt.
675 2309 773 2371 Alteri
796 2313 897 2371 tomus
916 2311 1123 2388 incompectns
1145 2313 1217 2375 mit·

110 2423 191 2481 tetur.
232 2421 353 2481 Addam
385 2421 426 2480 ad
451 2420 582 2480 enricum
612 2402 749 2480 nostrum
779 2421 839 2480 duo
864 2421 1033 2495 volumine,
1065 2440 1142 2499 qncc
1162 2423 1217 2484 tibi

110 2549 217 2609 qnoque
235 2533 302 2609 jam
321 2533 392 2591 ente
411 2531 490 2591 misi.
511 2531 658 2591 Dabimus
678 2550 802 2608 opernm
815 2534 851 2592 ut
864 2532 1061 2593 Darentrism
1075 2533 1217 2608 veniant,

110 2638 205 2700 deinde
229 2639 464 2718 significabimus
484 2639 537 2698 ubi
557 2639 612 2700 illc
634 2641 700 2717 peti
719 2643 873 2718 poterunt.

144 2747 261 2808 llcteto
273 2747 304 2823 1)
322 2746 445 2823 juvenis
470 2746 561 2806 istius
583 2746 684 2807 animo
714 2747 893 2808 nondnbito
913 2750 988 2826 quin
1015 2750 1105 2810 simul
1126 2752 1218 2813 etism

111 2855 234 2916 mimum
255 2875 275 2916 a
295 2856 418 2917 doctore
441 2854 604 2916 Bembnrte
625 2859 729 2917 nostro
742 2876 903 2919 aversurus
916 2859 966 2919 sit.
1008 2859 1094 2931 Quod
1107 2863 1134 2922 si
1147 2882 1218 2942 ergo

110 2963 139 3024 in
159 2966 307 3045 dignitate
329 2984 385 3026 sne
407 2967 489 3041 apud
510 2983 564 3028 vos
584 2967 745 3039 manserit,
766 2967 798 3027 id
818 2968 899 3044 qnod
912 2968 1010 3028 Deum
1022 2971 1103 3032 nolle
1117 2989 1218 3047 spero,

110 3073 246 3148 majorem
274 3073 310 3132 in
339 3071 463 3131 modum
483 3090 535 3131 oro
559 3075 609 3146 te,
629 3075 666 3133 nt
689 3073 776 3132 illum
799 3074 833 3133 in
853 3077 940 3134 tunm
966 3076 1095 3135 tutelam
1126 3081 1219 3140 susci·

110 3181 168 3255 pies
195 3197 252 3260 per
277 3184 308 3242 te
339 3184 371 3242 et
401 3201 454 3258 per
481 3182 573 3255 alios,
593 3183 686 3243 etism
707 3185 817 3262 rogatu
836 3186 868 3244 et
888 3183 989 3244 verbis
1010 3185 1137 3262 efficias,
1158 3208 1218 3265 quo

110 3289 139 3349 in
157 3291 249 3352 efficio
270 3309 325 3350 sno
345 3291 539 3351 continuetur
570 3292 618 3353 vel
645 3293 734 3353 elteri
754 3294 879 3354 honesto
901 3294 996 3354 officio
1017 3295 1218 3372 preeficintnr,

110 3400 180 3460 unde
209 3418 241 3459 se
271 3399 304 3459 et
331 3398 478 3458 icmiliem
501 3419 587 3459 sunm
608 3401 733 3462 honeste
773 3401 852 3462 clere
885 3403 998 3480 possit,
1019 3405 1218 3480 probitatem,

111 3507 277 3568 fidelitatem
306 3510 339 3567 st
362 3508 550 3586 diligentiam
573 3509 632 3570 viri
658 3529 720 3571 nen
739 3511 875 3588 ignores,
908 3530 1000 3587 quare
1020 3513 1130 3592 dignus
1153 3517 1219 3590 est,

111 3617 236 3677 emnium
262 3617 410 3678 benorum
433 3617 537 3679 lavore
563 3622 595 3680 et
618 3620 816 3698 promotione.
856 3621 972 3681 Iterum
995 3622 1073 3683 vale.

111 4605 294 4619 ————-

141 4654 166 4723 l)
199 4657 287 4708 Diescr
309 4659 398 4709 Absctz
420 4659 488 4709 steht
508 4659 551 4709 sui
566 4658 646 4709 cinem
662 4659 809 4710 besondcren
826 4660 914 4714 Zettel.
