3020 5360
526 469 684 516 murro
705 473 838 518 aeneus.
1211 461 1249 520 79

134 652 198 711 quae
216 635 253 694 ad
272 634 512 696 Gubernatorem
534 637 566 696 et
587 635 749 711 deputatos
771 637 894 696 nostros
910 635 1020 713 scripsi
1034 638 1065 696 et
1080 654 1133 697 oro
1149 635 1245 697 Deum

134 740 276 819 Optimum
300 744 466 802 Maximum
495 745 537 804 ⁴ut
571 742 680 820 spiritu
712 737 894 821 prudentiae
919 747 952 804 et
975 743 1167 805 fortitudinis
1192 763 1245 806 vos

133 869 223 912 omnes
244 853 369 926 induat,
391 871 429 912 ne
450 857 481 913 et
502 871 556 913 vos
579 852 637 929 ipsi
658 855 689 913 et
710 871 774 913 eom
782 854 881 914 munis
894 854 996 931 patria
1008 856 1115 914 nostra
1127 853 1161 912 in
1177 872 1247 931 gra,

132 958 191 1018 rius
206 960 371 1036 perieulum
392 961 519 1020 ineidat.
573 959 660 1020 Ciroa
682 961 790 1020 omnia¹
803 961 995 1039 Majestatem
1015 961 1113 1038 ipsius
1132 961 1166 1021 iu
1191 963 1245 1021 ho·

131 1089 195 1130 uere
228 1072 259 1129 et
290 1069 398 1129 timore
432 1069 583 1131 habetote.
626 1069 689 1128 Sub
710 1071 842 1145 ejusdem
864 1071 920 1130 alis
945 1070 1014 1133 vive
1036 1074 1066 1131 et
1090 1073 1171 1146 vale,
1194 1073 1245 1132 ob-

131 1178 264 1240 servande
285 1179 385 1238 heros.

167 1286 317 1359 Coloniae,
341 1288 378 1346 12
400 1287 486 1346 Junii
509 1287 595 1346 1581.

127 1845 173 1907 45.
417 1860 575 1906 remunero
596 1860 719 1906 aeneus
741 1844 804 1922 (wie
822 1865 867 1904 ao.
890 1845 952 1922 39).

848 2020 944 2096 Kdln,
967 2022 1004 2082 15
1025 2021 1089 2082 Juli
1111 2024 1199 2086 158¹.

161 2198 305 2260 Salutem.
345 2200 416 2261 Nou
437 2202 604 2262 statueram
624 2200 663 2260 ed
684 2202 715 2261 te
736 2199 865 2262 seribere
881 2202 1004 2277 propter
1023 2200 1239 2278 profectionem

122 2310 205 2369 tuam
229 2307 263 2367 in
294 2305 504 2382 Hollaudiam,
536 2311 627 2385 atque
654 2308 722 2368 ideo
744 2309 842 2368 solum
862 2307 991 2368 salutem
1012 2309 1070 2369 tibi
1091 2309 1124 2370 iu
1142 2309 1240 2371 literis

122 2417 159 2477 ad
181 2416 348 2494 praesidem
369 2418 580 2495 ascripseram,
602 2419 654 2478 sed
675 2437 744 2478 eum
764 2417 843 2478 forte
862 2417 932 2477 inde
953 2416 1092 2494 redieu’e,
1107 2418 1239 2496 mihique

123 2526 237 2604 aliquid
258 2529 377 2603 tempus
399 2527 438 2587 ed
459 2526 649 2587 scribendum
671 2526 816 2603 supersit,
837 2543 935 2602 panea
960 2527 1033 2587 haee
1049 2543 1171 2587 exarare
1186 2529 1238 2588 ad·

123 2635 178 2696 huo
209 2635 302 2696 volui.
344 2634 502 2709 Dolorem,
534 2654 623 2712 quem
652 2653 742 2711 super
763 2634 863 2695 subita
883 2633 937 2693 illa
957 2633 1142 2709 mutatione,
1163 2656 1239 2713 quae

122 2743 201 2819 apud
221 2760 274 2804 voe
295 2742 378 2803 faeta
400 2745 461 2817 est,
483 2743 599 2820 aeeepi,
614 2743 774 2803 difficulter
788 2761 904 2819 supero.
947 2743 1073 2804 Aoeedit
1085 2743 1136 2804 ille
1150 2763 1240 2821 quem

123 2846 209 2928 parit'
223 2851 298 2910 mihi
319 2850 440 2910 miseria
460 2851 671 2932 agricolarum.
715 2849 774 2910 Sed
795 2851 867 2926 quid
881 2849 1011 2911 faciam?
1051 2851 1181 2929 Tempus
1195 2856 1242 2914 eet

28 3011 32 3020 ,
121 2960 196 3037 justi
226 2959 334 3037 judieii
358 2959 431 3032 Dei,
463 2978 518 3020 neo
544 2959 597 3018 illi
621 2958 698 3018 iram
721 2958 784 3034 ejus
808 2976 861 3035 per
881 2957 1080 3035 penitentiam
1100 2963 1238 3022 avertere
1272 2979 1280 2988 “

124 3087 190 3129 ase
221 3087 342 3144 operam
371 3068 462 3143 dant,
493 3067 597 3145 itaque
631 3086 711 3128 nune
735 3068 790 3128 hos
810 3086 890 3127 nuno
911 3067 979 3128 illos
1002 3068 1096 3146 affligi
1119 3088 1239 3131 neeesse

123 3181 177 3239 est.
229 3177 308 3249 Quid
341 3177 512 3257 Groningae
545 3179 643 3239 adhue
670 3178 803 3252 eveniet,
835 3177 982 3237 Dominus
1012 3176 1113 3251 novit,
1135 3178 1239 3239 sedin

124 3306 238 3348 omnem
262 3305 364 3347 casum
388 3287 480 3347 etiam
504 3287 576 3346 dum
600 3287 710 3350 viatrix
736 3290 784 3348 est
803 3287 881 3346 male
903 3284 961 3346 sibi
981 3284 1127 3358 consulit,
1149 3289 1240 3362 prout

123 3396 271 3476 intelliges
291 3415 326 3456 ex
345 3396 459 3473 literis,
480 3415 554 3473 quas
574 3396 613 3456 ad
635 3397 796 3474 deputatos
805 3399 930 3466 nostros
945 3395 1023 3456 dedi.
1065 3394 1162 3466 Quam
1175 3396 1239 3456 rel·

123 3506 180 3566 lem
207 3505 264 3566 Dei
295 3523 358 3566 esse
381 3506 589 3580 voluntatem,
619 3507 659 3568 ad
682 3506 811 3568 salutem
832 3505 925 3583 ipsius
946 3507 978 3566 et
998 3504 1164 3567 vicinorum
1185 3523 1238 3582 pa·

124 3633 185 3675 eem
209 3615 290 3675 inter
320 3615 389 3676 illos
420 3614 570 3676 tolerabili
594 3616 700 3693 modo,
731 3616 780 3678 vel
803 3616 911 3677 saltem
935 3613 1071 3675 induoias
1092 3613 1238 3675 eonstitui

124 3742 216 3799 posse.
257 3722 343 3794 Quod
367 3724 406 3784 ed
426 3723 557 3801 patriam
580 3742 679 3784 meam
703 3727 735 3785 et
756 3723 1013 3785 Transisulaniam
1037 3723 1164 3795 attinet,
1191 3722 1237 3782 fa·

123 3832 176 3892 eile
195 3833 276 3892 inter
301 3852 331 3893 ss
353 3833 511 3895 convenire
538 3836 676 3910 possent,
698 3833 804 3911 auique
825 3851 880 3894 sua
899 3831 1042 3911 religione
1065 3850 1100 3892 ao
1120 3831 1236 3908 juribus

123 3941 169 4000 vel
193 3942 218 4001 si
252 3960 329 4019 quae
355 3941 418 4003 alia
449 3947 536 4017 suut,
557 3943 672 4004 relictis
696 3945 729 4003 et
749 3942 915 4019 permissis;
937 3942 990 4002 sed
1010 3940 1171 4002 difficultas
1191 3944 1237 4002 est

47 4023 50 4032 ,
123 4067 188 4108 oum
208 4068 281 4127 agro
302 4053 419 4124 vestro,
440 4069 547 4111 verum
569 4054 600 4112 et
620 4051 693 4111 haee
713 4068 762 4110 res
781 4047 904 4108 indietis
917 4046 1046 4108 induciis
1059 4066 1113 4123 per
1126 4049 1236 4110 eleetos

124 4157 251 4219 arbitros
271 4159 399 4238 transigi
420 4159 525 4237 possit.
566 4159 636 4220 Non
659 4162 705 4220 est
729 4158 903 4236 dignares,
925 4155 1075 4234 obquam
1099 4157 1149 4217 tot
1168 4177 1237 4236 pro·

123 4266 237 4328 vineias
268 4270 298 4329 et
328 4269 371 4329 ibi
402 4271 434 4330 et
454 4268 528 4330 alibi
551 4268 584 4330 iu
605 4271 773 4330 extremum
794 4265 961 4344 perieulum
981 4266 1013 4324 et
1037 4265 1236 4341 perditionem

123 4375 255 4438 renunt.
296 4376 407 4439 Sedet
432 4378 491 4455 ipsi
511 4378 629 4441 civitati
652 4378 732 4438 idem
754 4376 936 4455 perieulum,
957 4373 984 4434 si
1003 4391 1065 4436 nen
1088 4376 1153 4434 turn
1173 4376 1233 4438 oito

124 4485 159 4546 ab
179 4485 282 4563 hoste,
314 4487 484 4565 apropriis
508 4490 611 4550 tamen
641 4486 745 4548 amieis
768 4484 853 4547 brevi
874 4482 1020 4544 imminet.
1060 4479 1127 4542 Hoe
1149 4483 1233 4545 illam

123 4611 241 4658 movere
271 4599 303 4658 et
331 4597 480 4657 deterrere
502 4596 599 4657 debet.
641 4595 673 4656 Si
693 4596 790 4655 ullum
810 4593 853 4652 ibi
878 4591 966 4654 modo
987 4587 1117 4650 amioum
1140 4591 1231 4652 habe·
