3020 5360
270 484 329 545 lae
688 497 822 541 emarus
841 497 970 541 sanans.

267 659 423 722 Bebilonis
450 659 503 721 sed
529 660 568 719 ad
595 659 868 719 reaedificationem
899 657 1034 719 civitatis
1066 675 1138 717 suae
1159 674 1256 717 novae
1277 655 1392 716 Hieru-

266 770 368 831 salem.
409 767 491 846 Ergo
511 769 613 829 nullae
633 768 808 845 hujusmodi
827 767 1049 828 transactiones
1075 767 1106 826 et
1126 765 1303 825 concordias
1324 784 1392 824 am-

266 878 347 954 plius
378 876 456 936 ferre
486 879 597 953 potest.
639 876 675 935 Id
696 876 777 956 quod
798 879 830 935 et
850 875 899 935 hic
923 875 1009 936 brevi
1030 874 1257 951 comperiemus.
1299 874 1390 946 Ideo,

266 987 349 1058 ideo,
370 985 472 1065 inquit
492 985 659 1062 propheta,
681 984 762 1065 quod
787 983 972 1043 seduxerunt
992 983 1138 1059 populum
1165 1002 1265 1042 meum
1287 983 1392 1042 dicen·

266 1097 304 1156 do
336 1114 395 1172 pax
418 1097 449 1154 et
469 1113 531 1154 non
551 1094 611 1154 fuit
633 1113 707 1170 pax,
739 1095 769 1153 et
790 1093 855 1171 ipse
880 1093 1056 1153 aedificabat
1078 1092 1242 1169 parietem,
1263 1095 1296 1152 et
1320 1111 1390 1152 ecce

266 1204 323 1280 ipsi
358 1203 594 1280 complanabnnt
629 1222 698 1263 cum
736 1204 801 1262 luto
833 1203 966 1274 infirmo;
1001 1203 1049 1262 dic
1079 1203 1118 1262 ad
1148 1202 1390 1278 complanatores

265 1313 331 1372 luto
361 1312 481 1371 infirme
513 1331 637 1372 casurus
669 1315 715 1404 est
744 1312 858 1389 paries,
888 1313 947 1371 erit
966 1312 1063 1371 imber
1082 1311 1232 1372 inundans
1253 1314 1285 1371 et
1307 1297 1394 1371 dabo
1500 1329 1501 1380 ι

266 1421 382 1498 lapides
421 1422 593 1499 grandinis,
625 1421 678 1501 qni
709 1440 846 1481 corruere
877 1421 1005 1508 facient!
1023 1421 1183 1497 parietem,
1215 1424 1246 1481 et
1276 1425 1389 1482 ventus

267 1530 424 1590 turbinum
448 1532 574 1602 ,scindet
603 1530 700 1590 illum.
741 1531 791 1589 Ad
822 1531 1082 1592 conservationem
1103 1551 1222 1606 eorum,
1244 1549 1321 1610 quae
1339 1530 1389 1590 hic

268 1638 355 1712 dice,
386 1659 424 1700 ne
455 1641 589 1717 graveris
619 1657 747 1718 quaeso,
778 1639 811 1697 in
841 1639 1017 1698 memoriam
1038 1657 1194 1713 revocare,
1215 1657 1292 1717 quae
1315 1637 1389 1697 olim

267 1747 324 1808 tibi
353 1747 480 1809 diversis
510 1748 606 1809 literis
638 1747 805 1825 significavi
837 1751 868 1807 et
901 1747 1060 1823 praecipue
1091 1747 1167 1822 illis,
1191 1765 1267 1826 quac
1292 1747 1332 1806 ad
1357 1751 1389 1806 te
1501 1725 1502 1786 ἶ

268 1857 286 1914 8
312 1858 343 1916 et
373 1857 410 1916 10
441 1855 516 1915 Julii
541 1875 589 1918 an.
622 1856 659 1914 81
693 1856 771 1914 dedi.
822 1854 891 1914 Non
922 1855 1018 1915 audeo
1045 1855 1093 1914 hic
1115 1855 1217 1914 omnia
1237 1857 1398 1931 repetere„

268 1966 319 2024 sed
350 1964 530 2025 obversatur
558 1964 634 2022 mihi
665 1968 810 2040 perpetue
839 1964 990 2039 judicium
1017 1963 1073 2022 Dei
1105 1967 1213 2024 contra
1237 1965 1388 2023 mnndum

268 2074 468 2150 etprecipue
499 2076 606 2133 contra
637 2074 791 2132 columnas
821 2073 993 2149 praedictae
1021 2073 1189 2148 spiritualis
1214 2073 1389 2147 Babilonis,

216 2203 220 2220 ,
267 2201 337 2260 ergo
358 2184 413 2242 illo·
430 2183 545 2258 judicic
567 2183 710 2265 uigente,¹
726 2183 805 2242 sicut
827 2202 898 2260 prae
921 2183 1015 2242 oculis
1036 2186 1097 2254 est,
1112 2186 1286 2258 nonpctest
1300 2185 1389 2244 nobis

268 2293 306 2352 ab
327 2295 391 2352 ullo
418 2292 569 2369 principe,
590 2293 642 2371 qui
666 2293 736 2351 hnic
758 2293 814 2352 Dei
832 2291 947 2368 judicio
970 2292 1130 2352 obnoxium
1152 2312 1182 2352 se
1203 2291 1390 2367 reddiderit,

269 2402 447 2480 quicquam,
479 2403 560 2481 quod
581 2403 620 2460 ad
641 2421 745 2479 pacem
766 2403 912 2479 pertinet,
941 2402 1077 2477 evenire,
1098 2403 1149 2461 sed
1171 2402 1287 2474 omnia,
1309 2422 1389 2481 quae
1429 2390 1435 2400 “
1503 2459 1504 2464 ,

268 2512 325 2572 Dei
345 2513 408 2572 irae
429 2517 461 2571 et
480 2513 633 2573 vindictae
656 2516 744 2586 sunt,
777 2532 904 2592 querum
925 2513 1049 2572 miseros
1073 2512 1210 2572 subditae
1235 2531 1296 2571 nna
1316 2530 1388 2571 cnm
1503 2525 1504 2530 ’

268 2622 306 2680 iis
328 2621 489 2698 participes
509 2622 575 2681 fieri
595 2641 714 2682 necesse
736 2626 791 2682 est.
833 2622 988 2681 Judiciam
1009 2625 1056 2682 cet
1077 2621 1210 2682 Jehcvae
1232 2640 1301 2681 cum
1314 2636 1390 2700 gen·

267 2730 349 2790 tibus
372 2733 430 2790 etc.
483 2732 560 2791 Ecce
591 2733 706 2791 malum
727 2732 879 2809 egreditur
900 2751 919 2791 a
938 2735 1028 2810 gente
1048 2732 1081 2792 in
1101 2734 1224 2809 gentem
1245 2733 1302 2791 etc.
1322 2731 1389 2790 Jer.

268 2839 316 2898 25.
358 2839 530 2910 Quinetiam
561 2845 703 2918 properat
732 2840 878 2901 Dominus
911 2843 944 2900 in
977 2840 1033 2900 hcc
1067 2840 1190 2918 negocio
1221 2840 1311 2900 finem
1341 2841 1389 2900 fa·

268 2967 350 3023 cere,
382 2968 452 3028 erge
483 2953 547 3009 tam
575 2951 727 3009 mirabilia
757 2950 882 3010 consilia
912 2953 943 3010 et
973 2949 1056 3010 facta
1087 2950 1222 3026 patefieri
1255 2952 1287 3010 et
1316 2969 1388 3010 eve-

268 3058 332 3118 nire
367 3059 455 3132 sinit,
488 3079 565 3138 quae
596 3079 714 3119 emnem
745 3061 911 3119 humanum
939 3063 1061 3136 captum
1097 3060 1244 3119 excedunt
1274 3062 1305 3118 et
1324 3078 1389 3119 non

268 3166 327 3227 nisi
347 3171 525 3245 suggerente
547 3172 579 3228 et
600 3168 766 3247 instigante
787 3169 922 3245 principe
947 3168 1174 3228 daemoniorum
1198 3168 1325 3245 cogitari
1351 3188 1387 3228 ae

267 3277 436 3352 perpetrari
459 3280 591 3354 queant:
613 3279 776 3354 eademque
798 3277 968 3338 mirabilius
992 3279 1090 3338 adhuc
1112 3289 1166 3354 p'er
1186 3298 1274 3337 suurn
1289 3277 1387 3336 filium

219 3385 224 3396 ’
268 3384 429 3446 electorum
459 3387 517 3446 Dei
545 3389 650 3448 ducem
676 3388 757 3447 eludi
778 3390 810 3447 et
831 3387 967 3448 enervari
991 3388 1075 3448 facit.
1118 3386 1192 3447 Cum
1215 3389 1293 3448 tales
1315 3406 1386 3465 ergo

268 3497 394 3556 eventus
425 3496 574 3569 existant,
606 3496 724 3556 etiamsi
748 3498 864 3556 nullam
885 3497 1103 3558 revelationem
1127 3501 1182 3557 aut
1203 3497 1387 3573 scripturam

268 3601 461 3678 haberemus,
481 3602 683 3678 periculosum
704 3623 765 3663 esse
788 3608 879 3681 puto,
901 3605 928 3664 si
949 3605 1046 3665 adhuc
1067 3605 1235 3676 veluntatis
1262 3605 1320 3665 Dei
1339 3605 1390 3664 in-

269 3712 419 3771 certitudo
450 3711 675 3787 praetendatur.
727 3710 813 3782 Quod
841 3712 869 3772 si·
888 3713 980 3774 etiam
1001 3716 1136 3773 cordium
1161 3733 1291 3775 essemus
1316 3732 1387 3791 cog·

268 3821 398 3897 nitores,
418 3821 499 3881 inter
520 3839 583 3895 ees,
600 3801 661 3900 'qui
682 3821 839 3897 aliquanto
854 3822 910 3882 Dei
924 3823 1033 3882 timore
1047 3823 1178 3899 praediti
1193 3825 1280 3896 sunt,
1296 3841 1388 3899 quam

268 3930 358 4007 penei
379 3948 442 3990 sese
463 3931 621 4003 offerrent,
644 3929 695 4005 qni
713 3930 794 3990 bona
815 3931 999 3991 conscientia
1018 3931 1221 4006 receptionem
1243 3932 1308 4007 ejus
1332 3951 1387 4009 ap-

267 4038 450 4116 probabunt.
493 4037 550 4108 Qui
571 4056 651 4098 nanc
671 4038 818 4116 inteiligit
839 4040 1039 4099 conscientiae
1062 4039 1208 4116 originem
1236 4043 1267 4100 et
1290 4041 1389 4100 effica—

226 4156 228 4164 '
268 4147 346 4208 ciam
366 4123 434 4206 cam
459 4147 566 4207 timere
587 4150 707 4223 eportet
728 4167 765 4208 ne
787 4131 912 4209 eventus
930 4168 1026 4210 novus
1046 4148 1158 4208 nostris
1179 4149 1259 4209 votis
1282 4153 1313 4210 et
1333 4169 1388 4227 op·

266 4257 343 4318 tatis
364 4257 560 4333 respondeat.
612 4256 724 4336 Magna
755 4257 802 4318 uis
834 4260 881 4318 est
912 4257 1164 4319 conscientiarum
1186 4262 1217 4318 et
1239 4277 1298 4335 quo
1319 4260 1387 4336 plu-

267 4367 346 4426 rium
376 4384 413 4426 eo
442 4367 538 4444 magis
569 4385 617 4426 res
648 4366 784 4426 timeum
815 4370 881 4441 est,
905 4369 956 4427 sed
978 4368 1057 4428 sicut
1083 4387 1191 4444 parum
1223 4368 1263 4427 ad
1288 4369 1387 4427 Deum

267 4477 390 4553 ejusque
417 4495 504 4552 opem
524 4477 720 4554 respicimus,
751 4477 798 4537 ita
816 4477 1069 4539 conscientiarum
1092 4479 1201 4556 exigna
1225 4481 1272 4538 est
1293 4478 1384 4539 aesti-

267 4586 372 4646 matio.
