3028 5348
149 1165 230 1252 llas
256 1188 333 1251 von
359 1165 534 1252 Aclrema
560 1165 749 1252 versando
776 1165 1195 1254 Inhaltsrerneichniss

110 1615 202 1674 1579.
234 1616 272 1674 14
293 1615 375 1675 Maii.
398 1614 574 1690 Discursus,
607 1633 647 1674 en
677 1632 736 1692 pax
767 1614 848 1674 inter
881 1613 1111 1674 serenissimum
1130 1632 1230 1692 regem

394 1724 575 1783 catholicum
608 1726 640 1782 et
661 1722 780 1782 ordines
801 1721 898 1800 Belgii
919 1722 951 1781 in
972 1729 1124 1782 conventu
1145 1721 1231 1782 Golo-

276 1869 278 1874 .
384 1832 482 1892 nicusi
503 1832 730 1904 conciliabitur,
750 1833 798 1892 vel
818 1850 889 1893 non.

217 1941 234 1998 1
255 1940 325 2000 Jan.
337 1942 366 2018 1)
389 1941 480 2013 Mihi,
513 1942 549 2000 dc
580 1942 764 2004 tractatione
791 1941 892 2017 pacis,
913 1939 1136 2020 oppugnatione
1157 1941 1232 2000 Tra-

392 2050 467 2128 jecti
490 2049 667 2126 superioris,
689 2051 852 2126 impostore
877 2048 1034 2111 Davidico.

235 2155 271 2218 19
292 2158 364 2219 dun.
387 2158 565 2236 Foedifrago
596 2159 714 2218 deiectu
747 2177 765 2217 a
794 2159 883 2236 longe
909 2159 1046 2236 proviso,
1069 2178 1136 2219 cnm
1158 2177 1233 2218 sena
1314 2187 1317 2194 ·

392 2287 447 2344 pro
470 2268 592 2328 civitate
614 2272 645 2328 et
667 2285 739 2346 agro
762 2268 975 2328 admonitione.

233 2378 271 2436 26
293 2376 369 2436 Julii
390 2377 434 2435 De
457 2377 595 2452 quaesita
617 2377 806 2455 separatione
826 2376 1065 2455 provinciarum,
1096 2376 1233 2438 articulis

395 2485 644 2546 Terraenovensis
657 2483 863 2562 Gronningam
873 2486 1071 2560 transmissis,
1080 2504 1148 2546 cum
1159 2505 1233 2547 sana

392 2594 597 2654 admonitione
618 2595 836 2672 pregnantibus
858 2595 1026 2656 rationibus
1046 2596 1161 2656 fulsita.

254 2705 274 2764 4
294 2704 372 2764 Nov.
386 2703 547 2779 Deputatis
569 2701 693 2762 Frisiae.
713 2702 758 2762 De
778 2702 953 2781 interceptis
974 2703 1089 2776 litenis,
1109 2702 1232 2763 arctiori

396 2812 529 2884 foedere,
561 2812 726 2886 discordia,
755 2813 915 2872 Frisonum
937 2813 1018 2889 apud
1040 2811 1232 2871 Palmensem

393 2918 675 2994 sollicitationibus,
707 2921 839 2981 exercitu
864 2921 919 2980 sub
939 2921 1232 2981 maleeontcntorum

393 3030 513 3092 nomine
528 3031 719 3104 instruendo,
732 3029 869 3090 articulis
879 3030 1006 3090 foederis
1015 3029 1233 3106 Trajcctensis,

394 3141 530 3200 articulis
553 3138 781 3199 Coloniensibus
800 3142 831 3198 et
849 3138 921 3214 quid
933 3138 988 3198 sub
1002 3137 1039 3196 iis
1054 3140 1233 3213 quaeratur,

396 3249 555 3309 concordia
575 3249 724 3309 servanda
745 3252 777 3308 et
799 3247 921 3308 dissidio
943 3246 1103 3324 sopiendo,
1121 3247 1229 3306 dedis-

396 3357 567 3418 sensionum
590 3356 689 3416 causis
712 3357 861 3417 evitandis
879 3360 910 3417 et
921 3355 1052 3416 dissidiis
1068 3355 1142 3414 ortis
1155 3374 1234 3415 com-

395 3465 557 3543 ponendis,
579 3465 741 3527 ambitione
764 3465 922 3538 eritanda,
944 3464 1167 3540 exactionibus,
1183 3466 1234 3542 ju·

395 3574 496 3634 stitiae
510 3575 650 3636 exercitio
671 3577 702 3635 at
721 3574 992 3634 administratione.

395 3683 556 3759 Deputatis
589 3681 711 3743 Frisiae.
743 3681 983 3760 Exprobretione
1018 3680 1167 3755 Schetnii,
1199 3683 1235 3742 de

396 3793 520 3852 consilio
551 3792 665 3852 arcium
696 3792 968 3861 demoliendarum,
990 3794 1071 3851 metu
1093 3791 1235 3868 periculi,

396 3901 556 3961 concordia
577 3901 740 3974 servanda,
762 3898 934 3960 fictionibus
948 3899 1103 3972 cavendis,
1115 3898 1236 3960 interna

396 4009 553 4082 discordia,
566 4008 735 4087 vigilantia,
747 4007 875 4068 internis
885 4006 1031 4080 hostibus,
1042 4005 1236 4084 inquisitione

398 4121 429 4178 et
440 4117 618 4194 quotidiana
630 4117 849 4189 observatione,
858 4116 1142 4177 contributionibus.

240 4229 279 4287 26
300 4227 377 4288 Nor.
398 4226 483 4286 Mihi.
504 4227 549 4288 De
564 4245 637 4287 cura
651 4227 787 4288 civitatis
807 4226 959 4298 habende,
981 4228 1012 4286 et
1032 4227 1238 4288 controversia

399 4337 618 4415 posthabenda,
629 4337 747 4397 delectu
758 4336 891 4397 militum
901 4335 981 4395 circa
993 4335 1096 4396 Esscn.

153 4502 179 4566 1)
213 4501 300 4552 Dicaea
325 4502 417 4553 Datum
442 4502 531 4553 bernht
550 4502 593 4554 aui
608 4501 687 4552 ciuem
703 4501 814 4552 Irrthnnr
831 4501 966 4561 Aclrcma's,
987 4499 1050 4550 deun
1068 4500 1111 4551 der
1130 4499 1200 4550 Briei
1207 4499 1240 4550 ist

113 4614 158 4649 nm
178 4597 195 4647 2
215 4597 275 4648 Jnni
293 4597 460 4663 gccehdeben.
