3028 5348
538 455 696 498 censeare
717 455 846 499 senens.
1207 439 1244 502 15

119 620 202 698 quin
223 618 309 679 vobis
334 619 502 694 exemplum
523 636 624 686 aarum
646 617 818 691 literarum,
841 637 915 694 quas
932 619 1019 679 modo
1037 619 1247 696 addeputetos

119 729 243 806 patriae
265 731 387 789 nostrae
408 728 505 789 scribo
526 728 792 802 communicarem,
815 728 963 806 simulque
981 747 1118 806 rogarem
1140 747 1178 788 ne
1198 729 1245 787 ni-

119 840 183 900 mis
219 841 278 901 cito
303 860 371 900 cunr
398 841 534 900 articulis
559 840 627 900 istis
654 841 832 916 recipiendis
856 842 1021 916 properetis
1040 859 1075 900 ac
1095 838 1244 916 praejudi-

122 950 207 1009 cium
229 949 351 1027 aliquod
371 949 478 1008 vicinis
500 949 610 1009 vestris
632 948 797 1030 adferatis,
811 949 844 1009 in
864 969 952 1026 quem
965 950 1055 1010 finem
1068 951 1243 1011 transmitto

120 1047 243 1136 quoque
264 1059 349 1118 robis
369 1059 566 1136 particulares
577 1059 775 1119 resolutiones
795 1059 1036 1120 Transisulaniae
1057 1063 1089 1120 et
1115 1059 1242 1134 Gelriao,

121 1189 197 1229 cum
222 1169 330 1246 quibus
346 1169 450 1228 ‘etiam
482 1168 625 1229 resolutio
656 1169 773 1246 patriae
797 1187 880 1230 meae
901 1169 1056 1244 convenit,
1076 1169 1136 1230 nisi
1163 1170 1243 1249 quod

121 1296 188 1337 non
209 1277 253 1337 ita
274 1277 415 1338 distincte
438 1277 476 1337 ad
499 1296 602 1339 omnes
624 1277 766 1339 articulos
791 1277 1008 1353 responderint.
1056 1277 1170 1338 Deinde
1191 1298 1242 1356 ge·

121 1386 237 1446 usialis
261 1387 405 1446 resolutio
430 1387 564 1446 omnium
588 1386 811 1463 provinciarum
832 1387 865 1446 in
888 1386 951 1447 dics
975 1387 1024 1447 hic
1047 1391 1242 1464 expectatur,

119 1514 179 1555 nec
207 1495 310 1556 dubito
340 1497 424 1573 prius
454 1497 543 1577 quani
576 1497 690 1556 domiui
718 1496 913 1557 commissarii
946 1497 1090 1558 desistent
1117 1517 1242 1576 aprae-

121 1606 206 1666 senti
229 1607 429 1680 tractatione,
451 1606 543 1666 Celes.
565 1610 596 1666 ct
619 1607 708 1685 Dign.
730 1625 833 1666 eorum
863 1607 980 1683 majora
1001 1607 1098 1667 adhuc
1125 1628 1243 1670 conces·

121 1736 213 1777 suras
236 1737 309 1778 esse.
349 1717 387 1778 In
406 1736 492 1777 mora
513 1717 606 1778 etiam
633 1717 702 1790 illa,
724 1702 972 1794 sicut‘intelliges
994 1716 1139 1777 extiteris
1153 1719 1242 1792 meis,

119 1827 243 1887 nullum
264 1825 382 1888 civitati
404 1828 521 1889 vestrae
542 1825 759 1902 praejudicium
780 1824 852 1884 oriri
872 1825 999 1900 poterit,
1021 1843 1089 1884 cum
1104 1845 1120 1885 a
1137 1829 1243 1886 eontra

120 1955 198 2012 pace
229 1934 384 2010 nobiscum
419 1937 540 2011 sperata
570 1933 618 1994 vel
645 1934 786 1993 concluse
805 1952 930 2010 magnas
951 1933 1037 1994 nobis
1055 1935 1190 1996 miserias
1212 1938 1243 1996 ot

120 2045 312 2104 calamitates
336 2043 497 2117 adieretis,
519 2062 537 2102 a
558 2041 665 2120 quibus
687 2046 790 2102 tamen
815 2061 868 2102 ros
891 2042 1014 2102 minime
1040 2042 1128 2102 liberi
1145 2044 1240 2105 eritis.

119 2155 249 2215 Utinam
280 2174 316 2213 ex
343 2156 374 2212 te
401 2153 569 2230 intelligam
601 2153 701 2225 litem,
730 2171 819 2231 quam
843 2171 910 2211 oum
932 2171 1004 2229 agro
1026 2151 1157 2223 hebetis,
1175 2153 1241 2228 jam

119 2263 253 2342 sopitam
285 2266 316 2324 et
347 2263 544 2340 compositam
577 2282 654 2338 csse,
686 2263 734 2322 vel
755 2263 862 2322 sallem
883 2281 935 2322 vos
955 2261 1097 2341 utrinque
1117 2281 1241 2323 consen·

120 2374 198 2433 sisse
218 2374 251 2432 in
275 2364 406 2433 arbitros
428 2372 545 2451 aliquos
567 2373 648 2433 viros
669 2372 761 2432 bonos
782 2375 813 2432 et
830 2372 1008 2448 prudentes,
1032 2371 1082 2450 qui
1096 2391 1161 2432 eam
1172 2391 1241 2451 cog·

119 2485 251 2542 noscant
285 2501 465 2562 operamque
495 2482 583 2554 dent,
614 2485 650 2541 ut
674 2481 706 2540 in
727 2481 892 2540 amicitiam
914 2484 945 2540 et
966 2481 1155 2540 concordiam
1175 2502 1241 2542 mu·

119 2597 209 2655 tuam
231 2594 392 2653 moderatis
413 2592 573 2672 aequisque
594 2592 698 2652 mediis
722 2592 863 2651 redeatis.
906 2589 973 2651 Hoc
999 2591 1078 2650 onim
1092 2591 1242 2668 pianens-

119 2703 286 2763 ceesarium
316 2703 497 2781 reipublicae
524 2705 641 2763 vestrae
672 2721 735 2761 esse
762 2701 875 2777 judico.
929 2699 1054 2762 Caetera
1080 2702 1114 2760 in
1139 2702 1235 2764 literis

117 2816 197 2876 meis
218 2815 256 2874 ad
277 2818 411 2887 nostros,
446 2831 521 2893 quas
542 2815 643 2872 tamen
670 2829 731 2870 non
754 2811 814 2870 nisi
840 2809 944 2870 amicis
968 2811 1136 2890 quibusque
1158 2829 1238 2871 eom·

116 2925 224 2985 munis
254 2924 335 2984 salus
367 2923 448 2983 cordi
483 2925 542 2995 est,
576 2919 811 2982 communicatas
839 2919 939 2980 velim.
981 2919 1018 2979 In
1045 2919 1186 2979 libertate
1207 2920 1240 2980 in

118 3055 215 3117 quam
245 3053 299 3095 vos
331 3037 401 3112 post
427 3035 475 3094 tot
492 3031 696 3110 oppressiones
719 3028 891 3090 asseruistis
912 3031 1088 3089 constanter
1114 3030 1178 3088 tam
1202 3028 1241 3087 ab

116 3163 184 3207 una
215 3163 305 3223 quam
335 3144 374 3203 ab
408 3144 505 3203 altere
532 3145 618 3220 parte
639 3141 822 3217 permanete.
862 3140 944 3199 Bene
964 3138 1047 3211 valo,
1069 3137 1117 3199 vir
1137 3156 1240 3197 aman·

114 3253 258 3316 tissime-
287 3253 376 3313 Notis
409 3271 443 3312 ao
475 3252 578 3312 amicis
611 3270 728 3310 omnem
760 3269 778 3308 a
807 3269 855 3308 me
887 3249 1015 3308 salutem
1047 3249 1079 3308 et
1099 3265 1239 3308 amorem.

162 3362 321 3438 Coloniae,
339 3363 359 3423 4
379 3363 457 3424 Nov.
481 3362 569 3422 1579.

638 3468 747 3530 Vester
767 3487 803 3529 es
822 3468 922 3529 animo
942 3457 1029 3546 quani
1051 3467 1148 3530 nostis
1160 3469 1201 3544 1).

149 4513 181 4574 l)
220 4508 283 4558 llicr
299 4507 361 4572 iolgt
376 4506 481 4556 imillac.
497 4504 539 4554 der
550 4504 589 4554 bei
600 4503 732 4562 anicma,
753 4500 878 4566 Epistolne
897 4499 1017 4550 clarorum
1039 4497 1092 4548 viro
1106 4515 1147 4549 um
1156 4516 1179 4564 p.
1189 4500 1238 4556 570

111 4605 260 4674 gedrnckte.
272 4603 341 4654 Briei
353 4602 398 4664 „ad
414 4603 549 4666 Deputatos
568 4599 675 4650 Frisiae”
692 4599 717 4648 in
731 4595 861 4650 Abschrilt.
