3020 5360
240 509 243 516 «
288 474 326 535 76
705 493 988 538 inarrassemus.

289 655 339 714 43.
574 654 676 732 Ooprhe
706 656 848 714 literarum
879 656 984 715 ἀοηιὺιι·
1005 671 1144 716 auctiora
1170 656 1210 714 ad
1236 655 1411 730 paternale-

530 784 586 824 rem
610 775 635 825 et
655 763 803 840 deputatos
827 767 947 826 Fuitne.

923 942 1023 1020 Korn,
1046 941 1164 1003 11-13
1184 940 1257 1001 Jnni
1280 941 1371 1003 1581.

330 1119 479 1182 Generosa
510 1119 601 1194 baro,
635 1120 753 1181 dominc
786 1121 934 1199 gratiose,
955 1122 986 1180 et
1006 1139 1060 1182 vos
1080 1121 1219 1196 deputati
1242 1119 1359 1182 domini
1382 1125 1414 1183 ot

291 1231 380 1292 amici
414 1231 474 1291 mei
503 1229 680 1290 honorandi.
729 1229 759 1289 A
790 1229 873 1290 clade
896 1229 944 1290 vel
975 1229 1077 1307 potius
1106 1229 1201 1309 fuga,
1232 1249 1308 1311 qnae
1328 1231 1413 1308 apud

290 1340 453 1402 Aeduordt
484 1339 610 1408 accidit,
642 1357 703 1400 non
733 1339 830 1400 solum
850 1340 952 1400 hostes
972 1339 1084 1413 nostri,
1106 1339 1159 1418 qui
1179 1340 1228 1401 hic
1248 1342 1336 1415 sunt,
1359 1340 1413 1401 sed

292 1450 385 1511 etiam
418 1448 588 1510 Parmensis
612 1466 631 1508 a
658 1446 936 1526 Grcnningensibus
960 1449 1077 1508 accensi
1098 1451 1130 1508 et
1152 1449 1273 1511 incitati
1293 1451 1413 1510 animos

292 1578 362 1620 snos
393 1560 622 1636 resumpserunt
652 1559 684 1618 et
703 1557 791 1636 longe
811 1558 934 1636 gravius
958 1557 1043 1620 vobis
1066 1556 1193 1634 bellum,
1215 1577 1306 1638 quam
1330 1578 1413 1621 anno

291 1669 454 1747 praeterito
476 1667 673 1740 sustinuistis,
698 1666 808 1726 inferre
832 1667 975 1744 cogitant.
1019 1666 1208 1744 Quapropter
1227 1667 1321 1728 etiam
1343 1669 1414 1728 nn.-

289 1779 354 1839 lum
374 1781 501 1840 militem
535 1779 683 1856 suscipere
715 1779 838 1852 volunt,
859 1797 949 1856 quarn
982 1777 1033 1857 qui
1055 1778 1095 1837 sit
1120 1777 1252 1838 Gallicae
1271 1779 1412 1855 linguae,

290 1888 378 1948 Walo
412 1889 542 1962 scilicet,
574 1889 665 1963 prout
694 1887 750 1946 hoc
781 1886 847 1945 loco
880 1885 1085 1960 appellantur,
1116 1886 1169 1964 qui
1199 1886 1274 1944 alias
1308 1888 1410 1946 minus

291 1998 559 2059 commiserationis
581 2017 651 2057 cnm
672 1992 783 2057 nostris
803 1995 912 2055 habere
942 1996 1051 2056 solent.
1092 1996 1130 2055 In
1153 1995 1412 2076 Falolrenburgiea

291 2108 411 2186 regione
427 2107 457 2184 1)
481 2126 535 2182 pcr
549 2125 642 2183 pagos
654 2105 762 2165 Heerlc
774 2105 804 2182 2)
816 2151 823 2180 ‚
835 2103 985 2165 Schinnen
999 2105 1046 2182 3),
1063 2104 1214 2165 thlernn
1227 2105 1277 2183 4),
1293 2105 1409 2167 Bruns-

291 2238 357 2278 sum
372 2220 403 2295 5)
429 2208 486 2296 etc.
522 2236 649 2296 maguus
680 2235 824 2277 numerus
855 2235 957 2276 eorum
985 2217 1051 2292 jam
1076 2217 1216 2278 convenit
1236 2221 1268 2278 et
1287 2219 1321 2278 in
1347 2217 1410 2277 dics

289 2331 389 2407 plures
418 2327 638 2406 conquiruntur
661 2329 692 2386 ct
716 2326 916 2404 colliguntur,
944 2325 980 2386 at
1002 2327 1133 2388 efficiant
1158 2328 1217 2387 duo
1240 2328 1408 2406 regimenta

288 2439 437 2515 peditum,
469 2455 544 2515 quos
576 2436 666 2496 ducet
699 2436 852 2513 Hispanus
886 2437 1062 2514 Vardugho,
1095 2437 1131 2496 de
1164 2456 1223 2516 quo
1253 2439 1318 2513 jem
1339 2440 1408 2497 anto

288 2548 374 2608 vohis
410 2545 586 2624 significavi.
638 2544 899 2624 Rennenbergicus
930 2552 960 2605 et
993 2546 1125 2607 Schenclr
1147 2547 1199 2606 diu
1226 2547 1408 2610 incivitate

287 2655 336 2714 hic
370 2658 484 2716 occulto
516 2641 648 2714 fuerunt.
700 2654 756 2714 lllc
789 2655 885 2715 adhuc
918 2675 981 2716 esse
1005 2655 1136 2730 dieitur,
1160 2657 1212 2716 sed
1239 2657 1406 2734 hospitium

287 2765 351 2840 ejus
365 2763 521 2840 expiscari
543 2782 605 2824 non
629 2781 802 2839 possumus,
825 2764 958 2843 alioquin
980 2765 1165 2841 experiretur
1187 2785 1207 2826 a
1227 2767 1406 2848 quibusdam
1484 2747 1485 2775 ¹

287 2870 455 2950 negocium.
495 2871 634 2949 Ipsorum
657 2871 811 2950 equitatus
832 2873 871 2931 ad
893 2872 1029 2932 Rhenum
1044 2874 1168 2951 propius
1182 2876 1307 2937 accedit.
1333 2876 1406 2936 Heri

288 2981 368 3042 cirea
397 2979 537 3042 Monhem
551 2979 583 3057 6)
618 2971 848 3056 expectabatur,
879 2980 958 3060 quod
986 2981 1114 3060 cognovi
1137 3003 1172 3042 ex
1193 2971 1332 3061 rusticis,
1353 2985 1404 3065 qui
1481 3043 1482 3060 ,

287 3093 357 3153 inde
377 3112 425 3153 res
446 3110 516 3154 suas
537 3090 596 3150 huc
617 3091 849 3152 transferebant.
891 3067 1403 3168 eommunis'famaest,00sn01a

286 3202 425 3279 trajicere
454 3202 595 3262 Rhenum
627 3201 679 3262 sod
712 3185 921 3277 expecteturos
945 3199 984 3260 ab
1004 3200 1058 3261 illa
1081 3204 1183 3278 parte,
1205 3203 1299 3264 donec
1320 3203 1404 3263 miles

287 3311 432 3391 praelecti
453 3311 616 3390 Verdugho
638 3311 763 3386 paratus
785 3308 835 3369 sit.
878 3307 964 3385 (Heri
978 3311 1081 3369 temen
1094 3309 1188 3388 aliqui
1202 3311 1402 3388 trajecerrmt,

285 3439 322 3481 ex
352 3421 400 3482 his
432 3420 471 3480 25
504 3419 538 3480 in
569 3420 647 3480 hane
677 3418 833 3480 civitatem
866 3418 1062 3480 advenerunt.
1086 3419 1123 3478 13
1143 3418 1250 3497 lunii).
1264 3420 1295 3497 7)
1337 3421 1403 3480 Non

285 3549 407 3608 possum
437 3530 536 3591 adhuc
567 3529 680 3603 dicere,
715 3529 835 3608 quande
857 3527 957 3605 parati
979 3530 1083 3602 crunt,
1105 3531 1137 3589 et
1158 3528 1193 3589 da
1215 3531 1343 3608 pecnnia
1365 3548 1402 3590 an

291 3642 410 3701 tentam
436 3639 584 3712 habeant,
615 3657 675 3718 qua
695 3640 727 3700 et
747 3638 838 3698 militi
858 3638 1048 3713 satisfacere,
1069 3641 1101 3698 et
1122 3657 1207 3699 arma
1233 3658 1402 3718 comparare

290 3753 417 3830 queant,
449 3768 510 3811 non
537 3748 670 3810 omnium
691 3747 770 3810 idem
791 3765 887 3808 sermo
909 3751 964 3809 est.
1006 3747 1210 3810 Nihilominus
1231 3750 1283 3810 illo
1304 3752 1399 3820 metu,

293 3861 373 3942 quod
393 3862 475 3922 certo
497 3858 606 3932 seiam,
636 3876 747 3919 novam
768 3857 987 3934 expeditionem
1000 3857 1152 3936 ,adversus
1175 3859 1306 3935 patriam
1328 3857 1400 3922 serio

286 3992 490 4007 ...ῳ-.-

321 4047 345 4110 l)
380 4046 471 4095 Gclriirt
488 4059 541 4093 zum
559 4041 727 4106 Ilarzogthum
744 4040 866 4104 Limburg.

320 4144 345 4205 i)
380 4141 488 4192 Hecrlen
510 4139 583 4190 N.w.
601 4155 624 4189 v.
641 4139 747 4188 hachen.

322 4239 347 4302 3)
382 4238 504 4287 Schinncn
520 4237 591 4287 N.W.
609 4251 632 4286 v.
650 4233 765 4286 Hecrlen.

320 4339 346 4401 4)
381 4335 471 4384 Gelcen
488 4333 559 4384 N.W.
577 4349 599 4384 v.
617 4329 745 4381 Schinueu.

321 4434 346 4496 t)
382 4432 517 4482 Brunssum
534 4430 565 4480 N.
584 4445 606 4480 v.
624 4428 739 4478 Hecrlen.

319 4528 345 4590 ti)
381 4526 504 4577 Zwischcn
520 4523 641 4575 lliilheim
659 4523 708 4572 und
724 4521 868 4573 Disseldorl
882 4537 920 4572 am
937 4521 1037 4572 rechten
1053 4522 1194 4576 Rhsinulcr.

318 4624 344 4687 i')
379 4623 492 4687 Spitcrer
510 4621 595 4671 Zusatz
612 4635 650 4668 am
667 4619 749 4668 Raude
