3020 5360
288 496 347 560 104
695 512 829 555 seorsus
856 511 984 555 suasus.

285 676 333 737 his
357 675 495 737 omnibus
517 675 637 734 mallem
659 691 759 733 coram
781 676 896 745 tocum,
927 689 1018 750 quam
1041 689 1096 748 per
1118 669 1222 729 literas
1246 686 1351 746 agero,
1375 665 1412 725 id

202 855 207 863 ¹
286 786 366 865 qnod
389 783 536 843 Dominus
558 800 612 843 suo
634 781 795 860 aliquando
816 784 950 857 tempore
971 779 1098 839 daturus
1119 779 1174 838 est.

326 894 513 954 Eussumano
545 889 618 972 quid
648 888 843 966 respondeam
874 906 909 947 ex
937 885 1087 963 adjunctis
1111 901 1274 964 cognoscas
1294 881 1410 942 literis.

286 1004 357 1064 Non
388 1004 615 1081 expectaverem
645 998 684 1058 ab
714 1016 748 1058 eo
773 999 891 1057 tantam
920 995 1073 1072 injuriam.
1115 990 1190 1052 Cum
1214 991 1410 1052 transmissis

287 1111 467 1191 syngraphis
499 1109 618 1171 videtur
648 1125 696 1167 me
727 1125 782 1184 pro
802 1106 888 1166 fatuo
907 1104 1033 1178 habere,
1053 1103 1102 1165 vel
1121 1102 1173 1162 ille
1193 1101 1325 1164 avaritia
1347 1119 1410 1162 sua

286 1220 376 1280 nimis
397 1221 552 1279 excecatus
574 1220 636 1290 est;
659 1234 710 1275 oro
731 1215 889 1275 Foiconom
914 1214 1091 1288 admoneas,
1118 1213 1155 1272 ut
1173 1211 1256 1271 omni
1275 1211 1408 1289 diligen·

287 1329 333 1388 tia
356 1328 395 1387 ad
419 1325 632 1388 immissionem
655 1324 879 1404 progrediatur3
901 1323 927 1383 si
946 1320 989 1381 ibi
1005 1322 1058 1398 jus
1079 1321 1154 1381 mihi
1167 1340 1228 1382 non
1241 1321 1412 1394 reddatur,

288 1454 431 1518 quaeram
459 1434 536 1494 illud
561 1433 594 1493 in
623 1451 757 1508 camora,
777 1451 831 1491 nec
852 1430 948 1491 sinam
969 1430 1098 1509 pignora
1116 1448 1199 1504 mea,
1219 1448 1257 1491 ne
1278 1429 1408 1506 abipso

288 1543 409 1624 quidem
430 1543 539 1628 comita
559 1542 733 1615 interverti,
757 1541 782 1602 si
806 1541 864 1618 ipsi
888 1559 949 1600 non
972 1542 1078 1615 vacat,
1099 1541 1148 1601 vel
1168 1539 1301 1621 alioquin
1323 1538 1407 1598 refu-

288 1654 368 1732 giat,
389 1653 505 1714 virtute
525 1650 727 1734 mandati-sui
748 1649 949 1711 substitutum
969 1649 1150 1725 constituat,
1174 1648 1226 1729 qui
1246 1648 1353 1710 doctus
1373 1651 1408 1709 ot

235 1793 242 1800 κ
289 1763 416 1842 diligens
446 1763 496 1823 sit.
555 1761 755 1823 Honorarium
786 1761 952 1821 liberaliter
981 1760 1103 1840 utrique
1134 1760 1248 1822 solvere
1278 1762 1407 1838 paratus

289 1891 370 1948 sum,
391 1891 462 1932 nam
481 1873 639 1951 negocium
659 1873 715 1932 hoc
735 1871 810 1931 mihi
829 1890 951 1948 prorsus
972 1872 1054 1932 cordi
1074 1873 1130 1932 est.
1170 1871 1296 1930 Praeter
1310 1871 1407 1947 hypo·

289 1981 453 2042 thecariam
474 1981 570 2043 statui
591 1981 777 2059 personalem
798 1981 945 2042 actionem
975 1981 1117 2042 adversus
1139 1981 1241 2040 ambos
1264 1981 1407 2058 conjuges

290 2091 467 2165 instituere,
489 2091 542 2152 ubi
562 2092 754 2164 intellexero,
774 2091 808 2151 in
829 2110 888 2172 quo
908 2093 992 2152 stetu
1012 2110 1104 2152 causa
1124 2091 1173 2152 sit.
1214 2091 1260 2149 Ex
1278 2090 1316 2150 iis
1336 2089 1407 2149 lite·

289 2201 348 2278 ris,
378 2221 453 2280 quas
484 2201 523 2260 ad
550 2201 704 2261 dominum
725 2200 944 2261 Holtmannum
976 2200 1101 2273 dedisti,
1134 2199 1356 2273 animadverto,
1377 2206 1407 2258 te

289 2310 486 2383 intellexisse,
514 2331 562 2371 me
590 2329 652 2370 una
678 2329 746 2370 cum
773 2310 979 2370 illustrissimo
1004 2310 1078 2369 duce
1095 2309 1136 2372 ,de
1156 2308 1279 2368 Buillon
1299 2310 1331 2369 et
1352 2308 1408 2367 do·

289 2421 371 2480 mino
392 2421 429 2480 de
449 2419 561 2480 Plessis
581 2420 619 2479 ed
640 2419 763 2479 comitia
783 2419 955 2479 ordinatum
976 2437 1040 2479 esse
1059 2420 1203 2496 legatum.
1243 2419 1280 2479 Id
1300 2437 1405 2479 varum

291 2530 351 2602 est,
373 2530 466 2606 utque
487 2545 553 2586 eam
574 2528 755 2605 legationem
777 2528 954 2605 suscipiam,
982 2526 1061 2588 binis
1082 2528 1179 2588 literis
1200 2530 1266 2587 tum
1288 2545 1307 2586 a
1329 2545 1407 2587 sere-

290 2637 415 2698 nissimo
445 2638 520 2698 duce
551 2637 748 2711 Brabantiae,
780 2640 846 2697 tum
875 2638 966 2697 etiam
987 2637 1025 2698 ab
1047 2636 1249 2697 illustrissimo
1270 2636 1405 2714 principe

290 2743 421 2805 Auraico
442 2744 579 2823 scriptis,
601 2763 676 2825 quaa
698 2746 803 2822 plenae
828 2745 928 2824 gretia
948 2749 979 2805 et
999 2745 1209 2806 benevolentia
1228 2745 1405 2818 extiterunt,

251 2880 253 2884 ¹
290 2856 415 2931 rogatus
436 2873 518 2929 snm,
540 2855 592 2914 sed
612 2873 648 2914 aa
669 2857 715 2914 est
734 2853 893 2913 infirmitas
915 2856 980 2914 tum
1006 2853 1138 2932 corporis
1151 2857 1217 2915 tum
1238 2854 1333 2913 animi
1345 2853 1404 2913 mei
1494 2841 1495 2878 ³

290 2962 323 3022 in
343 2963 399 3023 hac
421 2982 541 3039 caussa,
564 2964 635 3024 talis
655 2964 746 3024 etiam
770 2983 869 3024 rerum
891 2982 1025 3024 mearum
1040 2967 1156 3038 status,
1171 2967 1208 3025 ut
1221 2963 1404 3042 impossibile

290 3072 365 3131 mihi
396 3073 455 3148 sit,
480 3093 589 3134 munus
613 3073 690 3133 illud
711 3074 826 3155 exequi.
868 3074 917 3135 Ite
938 3094 974 3134 ex
991 3074 1038 3134 his
1060 3076 1158 3136 causis
1180 3073 1320 3135 excusavi
1342 3093 1403 3147 mc,

290 3180 323 3242 in
353 3202 445 3262 quam
470 3187 588 3261 partem
619 3185 721 3243 autem
751 3183 835 3242 istud
867 3183 1047 3260 accipietur,
1070 3185 1208 3263 agretia
1228 3183 1351 3243 Domini
1370 3184 1401 3242 in

290 3291 354 3352 dics
376 3295 509 3368 expecto.
549 3291 690 3353 Nondum
712 3291 790 3350 enim
812 3292 851 3351 ad
870 3292 994 3352 ultimas
1015 3311 1096 3353 meas
1110 3294 1214 3354 literas
1228 3310 1404 3368 responsum

291 3400 401 3479 accepi.
442 3399 645 3460 Nihilominus
665 3399 797 3459 instruxi
818 3402 971 3480 utrunque
991 3400 1162 3477 plenissime
1182 3420 1236 3478 per
1256 3420 1350 3460 unum
1371 3420 1405 3460 ex

292 3508 469 3569 consiliariis
489 3507 623 3586 ipsorum
644 3508 680 3567 de
700 3507 852 3580 omnibus,
875 3527 950 3587 qnae
970 3508 1003 3567 in
1024 3509 1154 3569 comitiis
1168 3511 1362 3586 proponenda
1375 3510 1405 3568 et
1492 3517 1493 3560 l

292 3617 408 3694 agenda
428 3635 580 3689 censeam,
601 3635 677 3695 quae
700 3617 860 3677 admodum
882 3617 943 3678 illis
965 3621 1054 3696 grata
1073 3618 1164 3678 luisse
1177 3619 1324 3697 intelligo.
1346 3617 1403 3677 Ac·

292 3726 366 3786 cidit
387 3726 501 3806 aliquid
521 3727 673 3802 mirabile,
697 3725 776 3807 quod
795 3727 909 3804 primae
930 3747 1013 3787 meae
1033 3729 1156 3803 literae,
1177 3729 1209 3787 in
1230 3728 1339 3809 quibus
1358 3747 1403 3787 me

293 3835 372 3912 apud
392 3836 461 3896 illos
483 3836 639 3912 excusavi,
660 3854 679 3897 a
698 3835 799 3915 Regiis
819 3836 1004 3915 interceptae
1024 3838 1153 3913 fuerint,
1174 3841 1266 3918 atque
1280 3838 1318 3900 ad
1332 3838 1403 3897 Par·

294 3963 426 4005 mensem
447 3945 651 4007 transmissae.
692 3945 741 4005 Sic
762 3947 872 4026 ubique
892 3946 965 4006 mihi
988 3946 1082 4008 Satan
1095 3967 1149 4025 per
1166 3947 1307 4026 epistolas
1322 3967 1402 4008 meas

291 4052 468 4129 insidiatur,
489 4055 541 4114 sed
560 4056 632 4114 liaeo
654 4055 736 4115 satis.
1211 4115 1215 4128 ,

332 4164 478 4225 Dominus
498 4164 587 4224 Jesus
608 4163 683 4224 velit
699 4165 730 4223 te
751 4165 878 4242 tuosque
892 4164 930 4223 ab
945 4162 1026 4223 omni
1039 4165 1118 4224 malo
1133 4183 1317 4226 conservare.
1339 4168 1402 4228 Hoc

291 4271 353 4334 fere
374 4273 541 4334 omiseram.
582 4270 658 4331 Sunt
679 4272 754 4331 mihi
773 4273 833 4332 duo
852 4273 948 4333 libelli
967 4273 1138 4334 transmissi
1159 4273 1281 4353 Belgica
1301 4276 1403 4354 lingua

293 4384 471 4460 conscripti3
502 4382 591 4442 unius
623 4383 731 4442 titulus
756 4386 803 4442 est
836 4402 914 4445 »van
933 4383 987 4442 der
1009 4383 1154 4444 uterlicke
1175 4385 1319 4460 kercke,”
1341 4386 1402 4446 sine

292 4493 413 4555 nomine
434 4491 583 4565 auctoris,
605 4491 728 4552 alterius
747 4491 857 4552 titulus
878 4494 939 4552 est:
960 4491 1124 4554 ›Antwort
1145 4496 1199 4570 opt
1219 4495 1299 4556 solve
1313 4496 1402 4556 buer-

292 4600 387 4676 ken,’'
409 4601 504 4677 cujus
515 4603 621 4661 auctor
638 4603 685 4664 est
698 4599 878 4661 Lambertus
894 4599 1046 4676 Danaeus,
1062 4601 1239 4681 Theologiae
1254 4605 1401 4683 professor
