3020 5360
376 477 418 519 nu
437 474 578 520 nnuonu
599 473 744 518 sanonum
764 473 912 516 rauranu.
1153 451 1212 512 123

95 641 209 700 Eodem
230 642 313 700 sexto
334 639 472 699 Jenuarii
491 639 538 696 die
559 657 646 696 mane
660 636 740 696 inter
755 638 895 713 quartam
909 635 940 693 et
954 610 1091 710 quintam
1107 631 1212 692 vivum

97 749 247 826 quoddam
277 747 425 807 habebam
458 747 659 818 insomnium,
692 745 773 820 quod
804 745 866 803 tale
898 744 977 802 eret:
1008 739 1154 800 Currebat
1180 741 1214 799 in

97 859 234 919 cubiculo
266 876 332 916 meo
365 857 484 917 avicula
516 856 662 932 quaedam
696 872 787 930 supra
815 853 937 912 modum
958 850 1107 926 speciosa,
1128 849 1215 925 eujus

98 969 209 1028 collum
236 986 297 1026 non
324 967 412 1026 aliter
441 965 515 1023 mihi
537 963 716 1041 apparebat,
738 981 827 1039 quam
849 962 875 1021 si
896 979 987 1020 aurea
1007 978 1117 1020 corona
1136 959 1216 1019 cinc-

98 1079 164 1136 tum
186 1079 279 1148 esset3
302 1095 367 1136 eam
390 1074 539 1134 aviculam
560 1092 651 1131 manu
674 1090 728 1149 ego
751 1091 817 1130 mea
838 1068 1139 1146 comprehendebam,
1163 1068 1215 1127 sed

98 1187 203 1261 postea
241 1185 381 1244 evolabat
411 1205 426 1242 e
457 1203 549 1243 manu
583 1202 658 1242 mea.
723 1182 792 1241 Non
825 1181 969 1241 excedens
1000 1182 1103 1239 tamen
1133 1178 1216 1238 cubi·

100 1295 166 1352 culo
188 1312 253 1353 meo
274 1311 377 1353 rursus
399 1312 465 1352 eam
486 1291 706 1368 comprehendi.
747 1290 876 1349 Miratus
891 1287 1216 1365 superpulchritudine

100 1402 235 1462 aviculae
257 1402 426 1480 cogitabam
448 1421 579 1461 meeum:
601 1402 674 1459 haee
695 1399 830 1472 avicula,
846 1398 918 1474 quia
931 1399 1005 1457 adeo
1021 1397 1146 1475 pulchra
1160 1390 1216 1471 est,

100 1512 252 1576 hactenus,
277 1530 338 1570 non
368 1512 463 1570 libera
493 1511 571 1585 fuit,
599 1511 648 1570 sed
672 1510 709 1568 ad
733 1509 826 1568 alium
847 1508 1011 1584 pertinuit,
1033 1527 1094 1567 non
1114 1505 1218 1566 licebit

100 1639 171 1697 ergo
194 1620 250 1680 tibi
271 1639 337 1679 eam
357 1639 412 1696 pro
433 1624 488 1680 tua
508 1639 642 1694 servare,
674 1619 725 1678 sod
747 1618 836 1677 debes
857 1619 901 1692 ei,
928 1618 1014 1692 eujus
1035 1616 1109 1689 fuit,
1130 1615 1218 1676 resti·

7 1765 8 1776 .
99 1731 195 1787 tuere.
245 1729 417 1805 Respiciens
448 1729 535 1789 video
565 1728 598 1786 in
619 1727 718 1788 vicino
740 1727 873 1803 quodam
894 1727 959 1787 loco
980 1744 1119 1799 caveum,
1140 1744 1216 1800 quae

100 1835 142 1895 sic
163 1835 244 1896 facta
265 1842 346 1911 erat,
378 1841 415 1897 ut
444 1839 563 1898 avicula
583 1837 653 1896 inde
676 1837 771 1896 exiret
792 1839 823 1895 ct
842 1836 900 1896 sibi
918 1835 977 1912 ipsi
989 1835 1106 1895 duabus
1116 1835 1216 1895 situlis

7 1939 8 1950 ¹
98 1943 201 2002 cibum
221 1948 253 2004 et
272 1949 378 2022 potum
398 1946 574 2005 attraheret.
597 1943 775 2022 Cogitabam
800 1945 906 2004 statim
929 1963 1064 2017 mecum,
1079 1944 1138 2004 erit
1152 1944 1216 2004 avi·

100 2054 170 2112 cula
199 2054 300 2126 istius,
334 2055 418 2130 cujus
451 2058 497 2114 est
528 2073 619 2114 cavea
651 2054 713 2112 illa.
767 2053 969 2114 Nihilominus
1000 2055 1071 2114 licet
1099 2054 1216 2114 animus

7 2187 8 2210 r
99 2181 185 2220 meus
205 2163 425 2238 reluctabatur,
445 2163 530 2220 nolui
550 2163 703 2221 dimittere
725 2163 873 2223 aviculam
896 2181 1020 2238 eamque
1046 2183 1114 2222 cum
1137 2162 1215 2221 libro

7 2247 8 2252 ἵ
99 2270 232 2348 quodam
263 2270 317 2330 sub
350 2271 470 2329 brachio
491 2289 556 2330 meo
580 2271 777 2330 recondebam
797 2270 940 2346 forasque
962 2272 1077 2346 exiam,
1099 2289 1215 2331 summo

99 2398 190 2438 mane
210 2378 279 2438 veni
299 2378 331 2436 in
352 2378 530 2438 latissimam
551 2387 578 2436 et
593 2378 843 2455 elegentissimam
857 2379 1004 2454 plateam3
1019 2378 1051 2438 in
1064 2398 1099 2438 ea
1113 2380 1217 2439 obam-

99 2486 209 2546 bulans
230 2488 362 2563 primum
381 2488 414 2546 in
434 2490 565 2547 mentem
585 2507 685 2546 meum
706 2487 864 2564 veniebat,
885 2488 957 2564 quid
971 2491 1105 2550 homines
1118 2494 1217 2551 essent

99 2597 282 2676 cogitaturi,
308 2600 389 2694 guod
416 2601 480 2659 tam
507 2618 594 2657 mane
622 2599 665 2657 ibi
693 2599 872 2660 incederem.
914 2600 1026 2660 Deinde
1047 2601 1085 2659 ad
1105 2601 1217 2659 librum

99 2715 133 2766 et
155 2707 307 2768 aviculum
335 2727 434 2766 meum
464 2707 641 2781 intendens,
661 2707 773 2768 librum
793 2711 845 2769 sed
865 2729 926 2770 non
947 2710 1096 2774 aviculam
1119 2727 1216 2768 meam

99 2815 215 2876 inveni.
255 2815 303 2874 Ibi
317 2817 417 2876 dolore
432 2820 587 2892 correptus
609 2817 788 2890 admoneor,
810 2820 847 2876 ut
865 2819 898 2877 in
911 2819 1026 2877 coelum
1040 2819 1214 2893 respiciam

98 2925 180 2984 illud
201 2944 271 3003 ergo
298 2926 488 3004 conspicatus
510 2928 610 2985 totum
634 2926 851 3003 splendissimis
870 2927 960 2986 astris
980 2929 1102 3005 plenum
1124 2947 1217 3005 appa-

7 3066 33 3118 ,·
100 3038 166 3108 ret,
197 3036 305 3113 quibus
337 3035 426 3110 visis,
458 3036 594 3096 cessabat
624 3037 710 3096 dolor
730 3036 857 3097 amissae
878 3037 1028 3128 aviculae:
1051 3037 1217 3114 statimque

100 3144 292 3223 evigilabam.

147 3255 412 3329 Animadvertens,
444 3275 503 3333 quo
536 3257 684 3318 somnium
715 3275 816 3317 meum
843 3257 998 3334 tenderet,
1019 3260 1158 3320 descendi
1179 3262 1218 3321 ad

100 3364 231 3423 fratrem
252 3384 351 3424 meum
373 3367 458 3443 eique
480 3367 583 3427 ordine
603 3368 680 3426 illud
701 3368 839 3427 narravi:
860 3370 968 3444 putare
982 3368 1142 3444 meipsum
1156 3389 1219 3431 esse

101 3474 257 3536 aviculam
276 3476 374 3548 illam;
395 3477 525 3553 primam
546 3477 752 3538 avolationem
774 3477 943 3555 significare
963 3477 1132 3538 absentiam
1156 3480 1220 3555 ejus

100 3584 137 3644 in
161 3583 336 3660 Germania,
368 3587 530 3645 secundam
552 3590 682 3647 mortem
705 3587 781 3662 ejus.
823 3587 1016 3648 Attractione
1036 3588 1095 3648 eibi
1116 3593 1147 3649 et
1167 3609 1221 3667 po·

100 3697 157 3754 tus
180 3713 233 3769 per
254 3695 328 3754 duas
353 3695 460 3754 situlas
482 3695 601 3755 labores
624 3697 686 3772 ejus
710 3696 743 3755 in
763 3697 863 3757 litera.
910 3697 1003 3757 Astra
1022 3700 1154 3776 gratiam
1173 3700 1221 3759 fu·

101 3807 208 3864 turam
230 3806 261 3863 et
277 3822 331 3879 pro
351 3822 412 3863 uno
431 3804 526 3864 fratre
548 3804 646 3864 Deum
669 3806 743 3864 mihi
764 3805 899 3865 infinitos
914 3807 1056 3874 daturum
1070 3809 1221 3870 denotare.

7 3903 8 3952 3
101 3913 189 3972 Haec
210 3931 279 3972 cum
299 3914 451 3973 lachrimis
473 3915 500 3972 ei
522 3916 716 3992 exponebam.
759 3915 844 3974 Nihil
867 3916 904 3974 ad
926 3935 961 3976 ea
981 3919 1149 3993 respondit,
1169 3920 1221 3978 sed

7 4055 8 4070 ι
101 4022 250 4100 rogabat,
270 4024 468 4102 conigeram
489 4044 521 4083 se
542 4028 573 4084 et
596 4026 718 4084 thorace
740 4024 910 4098 induerem,
929 4045 988 4102 quo
1003 4027 1083 4088 facto
1097 4029 1129 4087 in
1143 4030 1221 4089 lecto

103 4131 212 4192 sedens
233 4133 322 4209 petiit
342 4132 529 4208 precationes
551 4133 609 4193 viri
634 4132 690 4192 Dei
712 4136 743 4192 et
764 4133 960 4207 Psaltorium,
971 4135 1123 4212 jussisque
1136 4137 1222 4196 nobis

104 4240 189 4300 exire
217 4241 323 4301 orabat
353 4242 414 4301 fere
441 4261 494 4317 per
521 4243 636 4302 horam.
687 4243 795 4302 Postea
828 4245 928 4303 totum
956 4263 987 4303 se
1008 4246 1112 4305 vestiri
1133 4247 1221 4320 fecit,

106 4351 272 4427 volensque
293 4351 330 4409 ad
351 4351 505 4428 inceptum
519 4352 651 4411 laborem
665 4352 780 4426 redire,
794 4371 855 4411 non
868 4353 970 4428 potuit
982 4354 1079 4430 legere
1094 4356 1222 4430 amplius

108 4478 165 4518 nec
197 4461 347 4520 calamum
379 4460 537 4520 moderari.
590 4462 697 4537 Itaque
726 4465 834 4546 erutus
854 4462 965 4522 iterum
987 4464 1145 4539 decubuit,
1166 4485 1221 4526 nec

108 4572 217 4647 postea
248 4571 326 4630 lecto
359 4570 505 4648 surrexit,
527 4553 577 4630 scd
598 4571 634 4631 de
655 4571 702 4631 die
723 4571 755 4631 in
776 4572 855 4632 diem
877 4571 1024 4634 infirmior
1044 4574 1143 4639 factus
1166 4583 1222 4640 est.
