3020 5360
263 466 321 528 128
673 477 806 522 naeuus
833 477 962 542 manns.

195 665 200 676 ·
265 645 313 705 75.
475 641 523 700 Ea
542 641 626 700 aare
647 641 688 698 ud
706 659 817 699 onorem
837 655 1057 698 cnursrornonr
1078 656 1201 699 naason.

303 878 368 938 Min
387 875 612 954 schwarigheit,
634 875 768 936 warumb
789 875 838 936 iek
854 875 1017 951 jetzunder
1037 875 1205 936 uodemmb
1220 875 1318 936 alhier
1332 877 1389 937 ko-

264 1005 332 1046 men
363 984 432 1061 bin,
463 985 535 1044 umb
565 985 613 1044 die
635 983 826 1056 Quirbrunne
846 984 879 1042 in
899 983 1001 1062 Lange
1022 983 1236 1068 Sehwalbaoh,
1257 985 1388 1044 welohes

264 1099 358 1156 water
378 1093 545 1153 sondertieh
565 1094 670 1170 tegens
690 1092 737 1152 die
758 1095 843 1152 steen
862 1092 956 1170 gueth
976 1092 1022 1167 is,
1043 1095 1076 1153 to
1096 1079 1273 1152 besueeken.

305 1201 432 1262 Latsten
451 1201 556 1260 Martii
578 1200 626 1262 83.

568 1862 727 1906 unmrnro
747 1865 869 1908 nonnus
891 1850 953 1924 (wie
972 1854 1017 1907 ue.
1040 1849 1091 1923 72)

969 2053 1086 2130 Speier,
1110 2055 1147 2113 13
1169 2053 1233 2112 Mai
1255 2053 1345 2113 1583.

306 2259 450 2320 Salutem.
493 2261 579 2332 Quod
601 2263 731 2323 soribam
751 2264 807 2322 hoa
832 2265 981 2338 tempore,
1002 2263 1050 2323 vir
1064 2261 1286 2333 amantissimo,
1307 2261 1387 2320 nihil

268 2367 418 2446 singulare
440 2369 579 2428 occurrit.
621 2369 717 2430 Grata
736 2370 810 2429 mihi
831 2375 877 2431 est
897 2370 1120 2447 tranquillitas,
1142 2389 1202 2446 qua
1221 2370 1271 2429 hie
1284 2370 1388 2442 fruor,

269 2478 349 2552 quod
382 2476 525 2536 nimirum
555 2498 616 2538 non
648 2480 782 2555 quotidie
812 2479 949 2538 miserias
971 2486 1090 2538 nostras
1112 2478 1244 2537 audiam.
1285 2478 1387 2538 Amici

269 2587 371 2644 tamen
391 2603 453 2645 non
474 2586 591 2658 sinunt,
613 2605 660 2645 me
681 2605 802 2663 prorsus
823 2605 926 2646 aarum
947 2587 1138 2664 ignorantem
1164 2605 1244 2660 esse,
1265 2587 1307 2647 sic
1328 2606 1387 2645 nu·

268 2711 321 2770 per
351 2711 370 2751 a
400 2694 551 2769 primariis
572 2694 750 2771 quibusdam
771 2694 844 2755 viris
868 2696 1021 2754 consultus
1049 2694 1110 2769 fui,
1131 2696 1184 2754 sed
1205 2695 1281 2771 proh
1300 2696 1387 2755 dolor

271 2803 411 2880 exiguum
433 2807 496 2878 est,
517 2806 597 2881 quod
618 2808 770 2882 praestare
791 2823 931 2880 possum,
953 2807 1044 2879 atque
1068 2804 1100 2862 id
1122 2805 1201 2880 quod
1222 2807 1268 2863 est
1283 2823 1387 2864 omnes
1508 2869 1509 2908 ἦ

269 2911 330 2970 fare
360 2912 510 2987 rejioiunt.
565 2894 820 2974 animadvertunt
840 2931 887 2978 me
907 2916 987 2972 reate
1007 2911 1068 2972 illis
1089 2912 1161 2971 olim
1182 2912 1385 2987 consuluisse,

270 3023 414 3096 expetunt
446 3022 541 3099 igitur
571 3042 675 3083 rursus
691 3024 720 3099 1)
753 3023 910 3082 eonsilium
942 3041 1058 3096 meum,
1090 3022 1141 3080 sed
1172 3041 1219 3081 res
1251 3021 1284 3080 in
1316 3039 1385 3081 eum

269 3132 384 3189 etatum
416 3132 514 3206 venit,
545 3135 581 3192 ut
608 3133 765 3193 amandare
787 3135 887 3192 errata
907 3134 1012 3191 nostra
1032 3149 1119 3192 nemo
1140 3131 1199 3190 nisi
1219 3131 1302 3191 solus
1324 3132 1386 3190 Do·

268 3239 367 3298 minus
388 3242 492 3317 possit.
535 3240 613 3312 Quid
634 3247 734 3302 temen
752 3242 791 3301 iis
812 3241 1014 3317 rescripserim
1035 3260 1071 3299 ex
1089 3240 1233 3314 adjuncto
1247 3242 1382 3316 exemplo
1507 3303 1508 3330 ¹

269 3365 436 3426 cognosces.
480 3349 516 3407 In
537 3350 592 3408 hoe
613 3350 690 3408 bello
713 3347 889 3409 Germaniae
911 3349 1033 3426 aliquod
1054 3347 1185 3409 medium
1206 3355 1237 3410 et
1250 3352 1383 3412 solamen

270 3460 408 3534 expecto,
440 3458 491 3516 sed
522 3459 603 3518 lente
626 3459 830 3536 progreditur,
853 3462 884 3519 et
904 3460 1001 3519 adhue
1022 3461 1124 3520 omnia
1144 3479 1198 3537 pro
1219 3461 1382 3537 pontificiis

268 3564 350 3624 laeta
379 3568 460 3625 sunt.
511 3566 643 3626 Mirabor
671 3571 789 3642 tamen,
821 3587 859 3627 an
892 3569 935 3628 sie
956 3568 1102 3629 Dominus
1126 3570 1280 3646 inceptum
1305 3570 1382 3628 fflud
1506 3603 1507 3624 i

269 3673 406 3736 electoris
427 3674 629 3752 derelinquet,
650 3676 747 3735 adhue
769 3677 875 3756 exigua
897 3678 1010 3736 auxilia
1030 3682 1195 3753 apparent,
1218 3681 1250 3738 et
1263 3697 1283 3737 a
1296 3697 1382 3754 prae·
1506 3677 1507 3720 t

268 3782 363 3859 eipuis
392 3783 488 3860 magis
519 3784 667 3861 denegata
687 3802 777 3860 quam
798 3785 920 3845 decreta
940 3804 1004 3846 esse
1025 3785 1168 3846 dicuntur
1181 3787 1224 3863 2).
1245 3786 1314 3848 Fiet
1334 3790 1383 3846 ta-

267 3909 351 3964 men,
384 3893 463 3969 qued
493 3893 574 3952 Deus
605 3893 785 3966 destinavit,
816 3896 848 3952 et
874 3893 922 3953 hio
942 3893 1022 3952 forte
1044 3893 1179 3968 aoeidet‚·
1197 3895 1277 3970 quod
1300 3896 1383 3971 plae-

267 4020 382 4076 runque
403 4001 436 4061 in
457 4002 512 4061 Dei
528 4002 658 4080 negotiis
678 4002 743 4061 fieri
764 4002 857 4075 solet,
888 4010 920 4062 ut
940 4021 1096 4080 nunquam
1117 4021 1308 4080 progressum
1329 4006 1384 4065 ha·

266 4112 374 4185 beant,
405 4111 465 4172 nisi
485 4111 568 4189 prius
589 4129 607 4170 a
627 4111 762 4171 Sathena
782 4122 814 4172 et
833 4111 1005 4171 hominibus
1026 4111 1100 4171 bene
1122 4113 1255 4173 cribrata
1278 4117 1309 4173 et
1330 4133 1384 4191 op·
1433 4123 1439 4131 '

266 4221 445 4297 positionem
465 4239 556 4298 passa
575 4221 704 4295 fuerint;
736 4239 820 4281 seeus
841 4239 913 4282 vero
935 4224 982 4281 est
1006 4221 1038 4280 in
1058 4222 1205 4299 negotiis,
1228 4240 1305 4298 quae
1327 4221 1383 4282 Sa
1504 4281 1505 4286 ,

267 4332 341 4392 than
361 4351 414 4408 per
435 4349 506 4391 suos
527 4331 631 4406 exequi
654 4334 790 4392 conatur.
831 4329 896 4391 Hoo
925 4331 987 4390 Deo
1009 4332 1261 4392 commendemus.
1304 4329 1382 4392 Con-

299 4494 324 4556 1)
358 4494 552 4559 Itigeuhtndigar
569 4496 662 4546 Zusatz.

295 4592 320 4654 2)
354 4591 535 4656 Eigonhtndige
558 4589 703 4642 Rendnotiz:
723 4589 793 4651 „dam
809 4589 889 4656 eliqua
905 4607 1020 4660 apparere
1040 4589 1187 4656 incipiuntss’
