3020 5360
294 545 334 604 92
714 535 847 603 ioannes
873 559 1002 603 eremi.

300 721 351 802 54.Ι
517 721 568 780 Ad
580 721 740 798 praesidem
759 736 858 780 arsur
880 720 1049 796 (armanno
1069 721 1214 797 narnus).

998 953 1094 1029 ren,
1117 954 1155 1014 ro
1175 953 1262 1015 rear.
1286 954 1372 1016 isse.
1396 1020 1399 1044 ‚

341 1165 475 1227 Salutem
511 1164 685 1244 plurimam.
727 1161 760 1224 si
789 1162 945 1242 negocium
976 1162 1052 1223 illud
1072 1181 1140 1224 cum
1161 1162 1326 1224 Alenconio
1345 1180 1411 1240 pro-

299 1295 436 1356 gressum
467 1294 556 1335 suum
586 1273 732 1351 accipiat,
752 1291 813 1334 non
830 1273 959 1349 poterit,
979 1273 1059 1349 quod
1080 1275 1182 1332 actum
1212 1275 1275 1347 est,
1306 1271 1411 1349 corrigi

301 1387 365 1448 nuc
389 1403 502 1463 magno
525 1385 676 1456 tumultu,
698 1383 889 1459 omniumque
910 1400 986 1460 quae
1005 1382 1152 1442 hactenus
1177 1381 1319 1460 conclusa
1344 1384 1412 1442 sunt

301 1493 528 1573 perturbatione
550 1496 581 1554 et
605 1493 776 1554 contusione
791 1493 836 1570 1),
868 1491 927 1552 nisi
950 1491 1028 1552 forte
1058 1491 1191 1567 reliquae
1212 1490 1329 1555 vicinae
1346 1510 1411 1566 pro·

301 1603 417 1666 vinciae
441 1602 590 1680 judicium
615 1601 793 1664 Hollandiae
813 1601 926 1680 magis,
955 1619 1046 1676 quam
1067 1599 1250 1660 Brabantiae
1274 1603 1305 1660 ct
1325 1598 1412 1658 Flan-

299 1713 382 1773 driae
405 1714 454 1788 rel
474 1712 625 1775 diversum
644 1713 682 1773 ab
703 1714 831 1788 utroque
852 1711 937 1788 sequi
955 1711 1125 1772 noluerint:
1156 1714 1223 1771 tum
1239 1711 1327 1786 justa
1346 1727 1411 1770 con·

301 1823 444 1900 querendi
466 1825 498 1883 et
517 1821 685 1899 opponendi
709 1837 800 1882 causa
823 1827 917 1894 esset,
938 1819 989 1879 sed
1011 1820 1037 1878 ei
1058 1820 1179 1881 stillae
1203 1822 1240 1880 ut
1264 1837 1359 1894 nuper
1378 1817 1411 1876 de

302 1931 405 1992 Gclria
427 1934 457 1992 ct
478 1931 616 2008 Trajecto
642 1930 790 2004 intellexi,
811 1930 844 1989 in
863 1929 1063 1991 Alcnconium
1089 1928 1310 2003 commemini,
1331 1945 1412 2005 prae·

301 2043 364 2101 stat
384 2060 444 2101 una
466 2060 535 2100 cum
558 2041 626 2101 aliis
654 2041 719 2116 ejus
740 2041 819 2120 quod
840 2040 1012 2100 conclusum
1033 2041 1081 2100 est
1103 2041 1244 2100 eventum
1268 2038 1413 2117 patienter

216 2135 221 2146 ⁸
303 2154 468 2228 expectare.
509 2151 652 2210 Arbitror
682 2153 785 2210 tamen
815 2149 848 2209 in
871 2149 1073 2227 concipiendis
1095 2149 1251 2222 articulis,
1272 2148 1325 2225 qui
1350 2167 1413 2209 cum

304 2259 493 2321 Celsitudine
527 2261 592 2336 ejus
624 2259 694 2318 initi
718 2261 804 2332 sunt,
825 2278 887 2319 non
911 2277 1012 2318 omnes
1033 2258 1182 2318 decimum
1202 2257 1345 2333 tertium,
1366 2256 1414 2334 qui

301 2370 468 2430 Hellandoe
491 2367 659 2440 concernit,
684 2366 727 2426 sic
747 2365 946 2441 intellexisse,
965 2369 1056 2444 prout
1079 2383 1160 2443 nunc
1184 2384 1219 2426 ex
1241 2369 1351 2428 eventu
1371 2366 1414 2425 in·

300 2479 456 2538 tellectum
480 2496 547 2537 eum
571 2495 633 2536 esse
656 2475 914 2553 deprehendimus.
964 2476 1015 2535 An
1037 2474 1135 2554 Belgii
1157 2476 1190 2535 in
1215 2476 1367 2536 communi
1386 2477 1415 2534 ct

301 2587 445 2665 privatim
466 2589 569 2652 nostro
590 2586 669 2646 bono
690 2587 738 2646 vel
759 2586 839 2645 malo
864 2585 1069 2663 [provideant]
1083 2585 1116 2645 in
1130 2585 1263 2649 medium
1281 2585 1413 2664 relinquo

302 2696 424 2772 ejusque
449 2695 514 2755 loco
538 2695 595 2754 hoc
615 2693 673 2754 tihi
694 2713 870 2770 responsum
891 2694 975 2769 volo,
1007 2694 1087 2772 quod
1107 2712 1169 2754 non
1193 2694 1238 2754 ita
1259 2711 1356 2769 nuper
1380 2690 1414 2751 ad

302 2804 471 2864 Adrianum
484 2822 544 2866 van
558 2804 612 2864 der
631 2804 724 2864 Milen
749 2804 863 2881 scripsi.
904 2803 1022 2863 Harum
1042 2803 1193 2879 exemplar
1212 2802 1303 2863 habes
1317 2804 1360 2880 2).

341 2912 457 2975 Memor
477 2914 567 2976 etiam
589 2934 672 2987 sum,
694 2914 773 2991 quod
795 2913 955 2991 aliquoties
980 2895 1211 2992 significaverim
1231 2911 1332 2987 vobis,
1346 2930 1413 3002 nns-

302 3037 462 3103 quam'mc
482 3025 554 3086 boni
579 3025 740 3105 quicquam
762 3023 863 3084 videre
883 3042 938 3084 nec
962 3025 1133 3100 expectare,
1155 3022 1235 3100 quod
1256 3023 1295 3082 ad
1315 3041 1414 3098 pacem

303 3137 440 3194 nostram
460 3132 569 3206 faciat,
590 3133 649 3194 nisi
670 3132 817 3192 Dominus
838 3131 869 3190 id
889 3130 975 3192 nobis
996 3132 1132 3205 aliunde,
1146 3151 1237 3209 quam
1249 3130 1303 3191 ubi
1316 3129 1415 3209 quaeri

217 3249 227 3258 ‘
302 3245 439 3321 videtur,
460 3245 677 3324 procuraverit.
719 3244 756 3303 In
787 3243 891 3304 eadem
916 3243 1013 3303 adhuc
1037 3261 1142 3303 maneo
1164 3241 1328 3314 sententia,
1349 3257 1414 3300 cau·

302 3372 408 3432 sasque
438 3355 533 3415 habeo
564 3353 776 3434 gravissimas,
809 3371 863 3412 cur
888 3351 934 3412 ita
954 3351 1099 3424 sentiam,
1123 3369 1198 3427 quae
1221 3349 1318 3409 literis
1339 3367 1414 3410 ccm-

304 3463 425 3524 mittere
458 3482 520 3524 non
554 3465 659 3525 audeo.
700 3463 821 3523 Interea
851 3463 923 3522 dum
944 3464 1104 3522 cunctatur
1124 3460 1287 3536 Dominus,
1308 3459 1413 3519 credite

304 3571 379 3632 mihi
397 3571 475 3632 nihil
495 3573 662 3633 consultius
683 3571 764 3645 fore,
786 3571 916 3650 quamsi
931 3570 1042 3630 finibus
1055 3569 1130 3631 bone
1143 3571 1284 3644 munitis,
1298 3569 1414 3648 ipsimet

303 3697 357 3742 voe
376 3681 415 3740 ad
435 3681 603 3742 custodiam
623 3681 740 3760 patriae
752 3684 873 3760 nostrae
885 3680 1079 3757 componatis.
1101 3678 1170 3740 Non
1184 3679 1306 3753 dubito,
1321 3680 1412 3738 Deum

303 3789 391 3850 nobie
411 3791 587 3853 adfuturum
600 3792 777 3869 praesertim
799 3792 840 3867 si,
862 3791 915 3868 qui
928 3791 1000 3850 boni
1013 3790 1091 3871 sint,
1105 3790 1137 3852 in
1150 3790 1207 3850 hoc
1220 3789 1371 3865 laborent,
1386 3789 1413 3847 et

304 3901 481 3978 praesertim
499 3901 632 3962 ministri
652 3901 810 3975 ecclesiae,
830 3903 867 3960 ut
888 3899 1008 3960 Christo
1029 3899 1159 3961 Domino
1180 3918 1252 3960 suus
1271 3899 1366 3960 honor
1384 3896 1414 3955 in

306 4009 444 4069 omnibus
464 4009 627 4071 tribuatur.
655 4010 757 4086 Hujus
772 4009 851 4069 enim
864 4011 1053 4085 contemptus
1064 4011 1095 4069 et
1105 4008 1276 4086 ignorantia
1287 4006 1414 4068 omnium

304 4137 366 4180 non
380 4121 476 4179 solum
487 4121 695 4180 calamitatum
707 4119 757 4180 scd
772 4126 802 4179 ct
816 4119 962 4179 vitiorum
977 4126 1131 4179 causaest.
1153 4116 1182 4176 N
1183 4137 1216 4178 ec
1226 4120 1327 4177 tamen
1339 4114 1414 4193 quis·

305 4245 396 4304 quam
415 4229 475 4301 eet,
496 4227 548 4303 qui
558 4246 619 4288 non
632 4228 720 4303 putet
731 4245 761 4286 se
775 4224 928 4286 Christum
939 4227 1020 4285 recte
1034 4241 1220 4302 cognoscere.
1263 4221 1414 4299 anpihac

304 4335 383 4396 dere
398 4334 513 4412 aliquid
524 4353 593 4394 cum
603 4333 728 4394 Arcerio
740 4336 843 4394 nostro
855 4332 1083 4394 communicare.
1110 4331 1179 4393 Misi
1191 4331 1283 4393 etiam
1297 4332 1324 4391 ei
1334 4329 1414 4390 libel·

302 4450 502 4465 ,.-....-.-

338 4498 363 4564 1)
397 4497 491 4548 Altada
517 4496 629 4548 bcmerkt
657 4513 696 4550 am
724 4497 824 4550 Raude:
852 4497 906 4559 „Sic
931 4514 1028 4564 praeses
1046 4497 1143 4564 putavit
1161 4498 1188 4548 in
1211 4512 1339 4563 response,
1356 4491 1413 4562 quoi

304 4592 335 4643 ad
356 4608 395 4642 me
415 4591 508 4647 dedit.”
563 4589 565 4596 ’

339 4692 365 4755 2)
400 4691 616 4756 Randbemcrkung
632 4690 754 4746 hlbada'e.
