3028 5348
278 472 318 534 24
689 484 824 530 aecanos
855 481 982 526 stasne.

280 649 344 710 sins
375 647 465 708 dnbio
491 648 691 726 cognovistis,
722 648 819 709 celare
855 663 910 706 vos
940 660 1001 703 non
1025 639 1138 713 debeo,
1172 639 1305 700 nondum
1325 654 1402 697 eum

281 757 458 832 exercitum,
483 757 536 833 qui
557 758 663 817 contra
682 756 814 834 patriam
837 756 971 817 nostram
992 750 1160 811 destinatus
1174 751 1240 821 est,
1254 750 1401 824 paratum

281 883 353 926 esse.
394 866 457 926 Alii
475 866 722 943 impedimentum
743 865 865 943 aliquod
885 862 1022 923 incidisse
1043 881 1078 920 ex
1091 861 1177 936 parte
1192 857 1402 934 Hispanorum
1418 933 1427 945 x

282 977 313 1035 et
336 974 514 1051 Walonnm‚
545 978 598 1052 qui
630 975 804 1036 comitaturi
835 976 941 1048 erant,
975 973 1071 1048 aiunt.
1112 968 1175 1029 Alii
1194 968 1271 1028 alias
1291 983 1402 1027 causas

281 1083 434 1158 referunt,
465 1104 540 1162 quas
573 1085 698 1145 inferius
718 1082 881 1162 explicabo.
921 1077 1401 1157 Hocunnm1)certosoimus‚

282 1193 416 1254 nondum
440 1194 589 1255 delectum
611 1214 713 1256 eorum
727 1194 760 1269 2)
781 1193 918 1253 habitum
940 1210 1019 1264 esse,
1040 1188 1232 1281 eosque'hinc
1246 1206 1264 1248 a
1278 1186 1402 1264 Kerpsn

283 1320 387 1364 versus
411 1302 584 1380 Trajectum
605 1305 741 1381 superius
755 1305 802 1366 bis
817 1302 921 1364 diebus
935 1301 1084 1378 profectos
1098 1319 1176 1361 esse:
1198 1317 1257 1376 quo
1271 1296 1401 1358 consilio

283 1428 345 1472 non
376 1411 514 1474 omnibus
544 1414 647 1475 eedem
681 1414 811 1492 suspicio
841 1415 905 1486 est,
938 1414 1009 1472 sunt
1041 1413 1143 1471 tamen
1163 1409 1216 1486 qui
1234 1406 1402 1484 conjiciant

284 1522 441 1596 propterea
451 1521 535 1582 istud
544 1522 608 1582 lieri
621 1541 680 1599 quo
690 1522 875 1584 commodius
892 1521 936 1581 ibi
948 1519 1100 1596 Hispanos
1113 1519 1224 1597 quoad)
1234 1513 1402 1576 Hannonia

284 1632 315 1690 et
345 1629 488 1692 Arthesie
518 1631 668 1692 discedere
695 1633 804 1694 volunt
824 1650 893 1692 cum
913 1629 974 1691 illis
994 1629 1211 1706 permisceant,
1234 1644 1305 1686 nam
1330 1623 1403 1684 abs·

284 1757 342 1814 qne
352 1737 493 1815 Hispanis
511 1740 587 1800 nihil
607 1761 639 1802 se
658 1742 787 1820 preclari
800 1742 957 1802 effecturos
971 1758 1034 1800 esse
1050 1737 1234 1799 existimant.
1261 1735 1350 1796 Prius
1367 1734 1401 1811 3)

284 1865 338 1908 vos
358 1851 495 1910 amanter
514 1853 636 1929 rogatos
657 1854 688 1912 et
707 1851 877 1913 admonitos
897 1850 989 1912 velim
1010 1867 1048 1909 ne
1069 1848 1132 1908 nlla
1147 1865 1228 1908 nova
1240 1849 1305 1906 tam
1317 1845 1403 1906 bona

284 1956 464 2031 aestimetis,
486 1978 562 2035 qnae
585 1978 639 2021 vos
659 1959 693 2021 in
714 1960 770 2020 boc
790 1960 911 2040 negotio
932 1959 1071 2019 remissos
1091 1957 1139 2019 vel
1170 1974 1292 2033 prorsus
1315 1972 1402 2015 secu·

285 2081 335 2126 ros
357 2068 503 2144 reddant,
533 2069 585 2130 sed
608 2088 643 2131 eo
664 2072 786 2131 tantmn
798 2069 830 2147 4)
851 2069 1079 2148 qualiacumque
1105 2067 1160 2126 illa
1178 2063 1340 2126 inciderint
1351 2064 1401 2139 5),

285 2175 420 2238 serviant
450 2178 549 2251 vobis,
576 2182 612 2240 ut
631 2179 711 2240 circe
732 2198 784 2256 sa,
806 2197 883 2259 qnae
903 2178 1021 2258 agenda
1041 2179 1113 2239 sunt
1130 2177 1241 2254 majori
1259 2172 1402 2237 cautione

286 2288 317 2346 et
340 2283 532 2362 providentia
546 2285 576 2361 6)
598 2285 744 2359 utamini,
765 2303 825 2364 quo
846 2283 962 2344 scilicet
982 2283 1107 2344 consilia
1128 2285 1159 2344 st
1180 2281 1297 2356 studia,
1322 2297 1401 2361 quae

285 2412 340 2472 pro
361 2394 587 2455 conservatione
607 2393 723 2471 patriae
742 2395 864 2454 nostrae
885 2392 1021 2472 accipitis
1047 2393 1086 2452 ad
1109 2392 1278 2453 occasiones
1298 2393 1402 2451 muta-

286 2503 442 2583 tionesque
476 2503 642 2564 incidentes
676 2504 875 2564 accomodstis
906 2507 937 2564 et
968 2502 1177 2577 moderemini,
1198 2521 1236 2562 ne
1257 2502 1329 2582 quid
1350 2500 1399 2563 vel

285 2612 376 2673 nimis
396 2613 456 2674 cito
478 2614 532 2673 eut
553 2630 733 2690 praepopere
753 2612 784 2690 7)
812 2614 882 2687 fiat,
903 2615 939 2673 ut
959 2613 1015 2674 hoc
1038 2612 1127 2672 modo
1152 2611 1231 2673 vires
1252 2613 1283 2672 et
1304 2628 1401 2671 anno-

285 2741 343 2783 nae
375 2723 497 2782 nostrae
528 2723 759 2795 consumantur,
795 2721 873 2782 sicut
906 2721 1034 2798 exempli
1061 2739 1152 2782 cause
1174 2739 1227 2798 per
1249 2719 1400 2797 praesidia

286 2831 435 2905 eveniret,
456 2830 481 2890 si
505 2829 559 2890 illa
583 2833 667 2892 extra
684 2831 893 2892 necessitatem
916 2832 1125 2906 assumantur,
1145 2848 1183 2890 ne
1205 2829 1297 2890 eliam
1308 2828 1400 2888 nimis

285 2940 371 3001 tarde
390 2944 422 3002 et
440 2941 536 3016 lente,
556 2941 609 3000 ubi
631 2941 827 3002 commoditas
848 2943 879 3002 et
910 2941 1101 3018 oportunitas
1125 2939 1323 3018 praecavendi
1347 2957 1400 3016 pe·

285 3049 381 3110 ricula
410 3068 464 3128 per
492 3049 627 3111 internos
658 3053 703 3111 et.
722 3053 858 3112 externos
889 3051 989 3112 hostes
1019 3052 1139 3112 nostroe
1170 3049 1290 3110 sublate
1314 3047 1399 3109 vobis

284 3159 386 3220 fuerit.
428 3157 514 3230 Quod
534 3159 569 3220 de
596 3159 751 3237 praesidiis
772 3161 805 3221 in
828 3162 996 3238 exemplum
1018 3159 1145 3233 adduxi,
1166 3161 1206 3220 ad
1229 3160 1289 3220 alia
1306 3159 1398 3219 etiarn

285 3272 438 3330 extentum
455 3269 486 3347 8)
510 3270 579 3331 volo
603 3289 678 3347 quae
706 3269 832 3330 extremi
859 3273 891 3330 et
910 3270 1040 3330 daucus
1064 3269 1187 3330 remedii
1215 3267 1395 3349 quibusdam

284 3378 380 3440 videri
402 3381 530 3457 queant,
550 3397 588 3441 ne
610 3381 641 3440 et
661 3379 721 3440 ista
741 3398 863 3440 causam
883 3379 1016 3459 aliquam
1035 3379 1121 3440 novis
1142 3377 1273 3440 dissidiis
1293 3380 1324 3439 et
1336 3378 1398 3438 fac·

284 3487 417 3548 tionibus
436 3489 608 3564 praebeant.
650 3487 736 3559 Quod
756 3488 794 3548 ad
817 3507 865 3548 me
885 3488 1012 3561 attinet,
1035 3489 1174 3548 omittere
1197 3488 1317 3568 quidem
1336 3505 1397 3550 non

284 3615 419 3671 possum,
440 3597 514 3676 quin
533 3597 571 3658 ad
592 3615 725 3658 rumores
750 3600 781 3657 et
801 3597 840 3656 ad
861 3599 975 3658 metum
999 3598 1051 3676 qni
1075 3617 1110 3658 ex
1138 3616 1238 3658 amora
1262 3617 1393 3659 commu·
1488 3637 1489 3676 3

172 3767 181 3789 Ι
282 3704 330 3764 nie
351 3705 467 3781 patriae
488 3705 624 3767 oboritur
643 3705 732 3777 mihi,
754 3706 917 3766 secundum
937 3707 1116 3786 qualitatem
1134 3706 1298 3782 factorum,
1317 3724 1394 3786 quae

318 3945 343 4008 1)
378 3942 452 3995 ibat
470 3942 576 3996 unicum.

316 4042 341 4106 2)
376 4041 450 4092 dhet
464 4041 571 4092 illorum.

317 4138 342 4200 3)
377 4138 390 4188 b
418 4142 546 4204 antequam
563 4136 593 4188 ad
613 4136 660 4188 ulia
676 4137 762 4199 venio,
778 4137 844 4203 prius
854 4174 861 4189 .
871 4172 894 4191 ..

315 4234 341 4296 d)
376 4248 405 4282 eo
421 4237 518 4283 tantum
534 4233 596 4283 labli
611 4233 637 4282 in
654 4232 678 4284 b.

316 4329 344 4394 5)
376 4329 389 4379 b
418 4345 446 4379 eo
462 4331 568 4384 tantum.

316 4425 342 4490 6)
377 4424 549 4492 bprndentia.

317 4523 342 4586 7)
377 4524 538 4588 bpracporc.

317 4621 342 4683 8)
376 4620 389 4669 b
412 4623 547 4674 extensum.
