3028 5348
678 508 812 552 aedanus
833 507 962 551 Atrans.

667 687 826 730 sarraceno
846 687 977 732 aarum.

979 779 1073 856 Korn,
1096 781 1135 841 26
1156 781 1234 843 Nov.
1256 781 1344 876 1579.

311 983 455 1046 Salutem.
499 984 613 1056 Quarto
639 985 729 1061 hujus
749 985 854 1045 literas
874 985 913 1044 ad
933 988 964 1046 te
986 986 1067 1060 dedi,
1088 989 1192 1063 postea
1205 988 1298 1048 etiam
1311 989 1389 1048 alias

269 1096 418 1156 anostris
445 1096 526 1173 jussi
555 1095 613 1154 tibi
641 1096 864 1156 communicari.
907 1097 993 1157 Nune
1016 1115 1120 1156 rursus
1141 1096 1198 1158 tibi
1219 1097 1389 1175 exemplum

268 1223 370 1265 earum
389 1204 567 1279 literarum,
581 1223 654 1282 quas
668 1224 747 1264 nuno
763 1205 800 1264 ad
815 1223 865 1266 eos
880 1205 993 1278 scribe,
1008 1205 1098 1265 mitto
1111 1205 1151 1281 1).
1191 1205 1238 1263 Ex
1250 1205 1287 1266 iis
1301 1225 1389 1282 prae-

269 1317 385 1376 sentem
408 1315 523 1374 statum
546 1332 646 1372 rerum
677 1313 865 1390 intelligetis.
915 1311 1045 1373 Obsecro
1075 1311 1230 1374 civitatem
1254 1316 1389 1374 rostram

268 1423 394 1483 liberam
416 1423 560 1484 adversus
582 1440 684 1483 omnes
711 1405 826 1498 tenete,
849 1440 903 1482 neo
928 1421 1017 1482 sinite
1044 1440 1098 1482 vos
1117 1422 1150 1482 in
1170 1441 1236 1482 eam
1258 1423 1389 1486 servitu-

267 1534 330 1592 tem
353 1532 465 1610 redigi,
496 1532 529 1592 in
562 1551 621 1611 qua
649 1533 710 1606 iam
734 1533 839 1592 multls
861 1532 948 1593 annis
970 1531 1129 1596 constituti
1148 1531 1258 1593 fuistis.
1300 1533 1388 1604 Quod

268 1643 489 1704 controversiae
510 1642 596 1703 vobis
617 1661 686 1702 oum
707 1660 780 1721 agro
801 1641 979 1718 intercedit,
1001 1641 1032 1701 id
1044 1641 1388 1719 commodioretampore

269 1751 367 1812 decidi
386 1752 507 1829 poterit.
549 1751 638 1813 Nunc
658 1753 780 1828 propter
801 1770 867 1812 eam
884 1770 1041 1812 commune
1058 1749 1239 1812 bonumnon
1250 1751 1387 1812 deserite.

270 1860 394 1922 Caetera
414 1861 446 1922 in
468 1862 535 1922 aliis
556 1862 662 1922 literis
704 1861 822 1921 Nuncio
844 1861 913 1921 huic
928 1863 958 1938 2)
979 1861 1106 1921 talorum
1120 1860 1230 1921 addixi.
1251 1861 1388 1923 Nuncius

268 1971 319 2031 illc
340 1971 494 2032 Johanues
515 1971 649 2032 nondum
662 1971 761 2038 ¹rediit
781 1974 813 2031 ot
832 1971 964 2031 diffidere
978 1971 1093 2030 homini
1106 1969 1151 2029 illi
1164 1970 1284 2047 incipio.
1305 1970 1388 2030 Bene

269 2080 336 2140 vale
363 2080 410 2143 uir
437 2080 660 2154 amantissimel
687 2083 718 2142 et
742 2079 860 2140 senatui
884 2082 985 2141 vestro
1007 2098 1124 2138 onlnem
1149 2097 1168 2138 a
1190 2099 1238 2140 me
1258 2080 1389 2140 salutem

269 2194 300 2252 et
320 2191 528 2252 reverentiam.
571 2190 604 2274 Si
624 2191 679 2252 hoo
701 2191 793 2251 etiam
816 2191 891 2250 scire
912 2189 1039 2266 cupitis,
1062 2188 1175 2248 domini
1189 2187 1388 2248 commissarii

268 2300 434 2378 praeterita
457 2299 640 2360 hebdomade
661 2318 779 2360 recessu
799 2300 871 2359 dato
903 2299 972 2358 hinc
996 2297 1152 2372 abierunt,
1184 2298 1317 2358 nondum
1339 2299 1387 2357 ta·

269 2429 338 2470 men
358 2409 426 2469 finis
450 2409 598 2469 tractatui
625 2408 695 2468 huic
716 2407 877 2486 impositus
901 2409 960 2481 est,
983 2407 1033 2466 sed
1058 2406 1155 2466 adhuc
1174 2406 1388 2467 resolutionem

271 2517 417 2580 Ordinum
436 2522 640 2596 expectamus,
662 2537 738 2596 quae
761 2520 865 2594 postea
878 2517 916 2578 ad
929 2517 1140 2594 imperatorem
1154 2514 1387 2576 transmittetur.

266 2633 384 2692 lterum
404 2627 487 2700 vele,
511 2627 647 2688 salutant
666 2630 697 2689 te
718 2646 820 2688 omnes
842 2626 911 2687 mei.

308 2735 464 2813 Coloniae,
484 2737 523 2796 26
544 2736 689 2798 Novemb.
711 2735 770 2799 An.
794 2737 841 2798 79.

794 2899 795 2902 ,
831 2846 913 2907 Tuus
935 2863 970 2906 ex
990 2844 1090 2906 animo

988 2975 1076 3032 quem
1099 2953 1188 3016 nosti.

587 3066 790 3128 Inoontinenti
803 3066 999 3145 intelligimus
1013 3064 1171 3126 convenire
1186 3063 1298 3124 milites
1311 3063 1388 3124 istos

548 3180 583 3237 ut
599 3177 747 3238 delectum
761 3176 804 3236 ibi
818 3176 950 3236 habeant
963 3175 1043 3236 cirea
1056 3173 1152 3236 Essen
1163 3173 1204 3249 3).

724 3417 915 3430 με

648 3595 697 3655 Ad
717 3597 864 3672 deputatos
884 3595 1005 3654 didiae.

975 3703 1071 3779 Kb'ln,
1092 3703 1131 3762 26
1152 3700 1232 3762 Nor.
1255 3701 1342 3760 1579.

302 3942 425 4006 Domini
446 3944 477 4002 et
495 3941 593 4000 amici.
637 3939 731 4002 Amor
751 3941 867 4018 patriae
887 3944 1008 4002 nostrae
1023 3943 1055 4000 et
1069 3939 1234 4000 communis
1248 3936 1383 3997 omnium

262 4054 343 4114 salus
374 4051 472 4130 quoad
506 4054 630 4111 externe
660 4055 691 4112 et
721 4051 858 4128 interna,
878 4071 939 4113 non
960 4051 1066 4112 sinunt
1088 4069 1135 4109 ma
1157 4048 1307 4125 quiescere
1327 4065 1383 4106 neo

262 4161 432 4239 sumptibus
456 4179 594 4238 parcere,
616 4161 690 4238 quin
712 4163 946 4239 quotiescunque
968 4160 1041 4238 quid
1053 4159 1206 4236 intelligo,
1222 4156 1302 4235 quod
1315 4175 1382 4233 per-

262 4268 370 4328 nitiem
392 4267 441 4327 vel
462 4267 554 4327 etiam
575 4267 796 4328 incommodum
817 4266 938 4342 aliquod
960 4266 1076 4325 aelferre
1088 4257 1125 4324 'ei
1146 4264 1275 4340 poterit,
1297 4265 1333 4325 de
1347 4282 1381 4324 eo

169 4479 176 4488 ·
292 4450 318 4512 1)
354 4448 408 4514 vgl.
426 4449 535 4514 folgende
552 4449 612 4501 Nro.
681 4451 706 4514 2)
741 4449 807 4498 Huic
830 4447 993 4514 eigenhdndig
1012 4446 1228 4512 hincinkorrigirt„

294 4543 318 4608 8)
354 4545 440 4594 Dieser
468 4547 523 4595 Sata
553 4546 587 4596 ist
617 4561 663 4595 von
680 4545 771 4595 Albada
788 4543 864 4595 selba
882 4543 1038 4608 gesehriebcn
1059 4544 1109 4596 und
1127 4544 1169 4594 auf
1183 4544 1262 4594 ciuem
1281 4521 1379 4594 kleincn

259 4639 339 4690 thtcl
356 4639 534 4705 untergcklebt.
