3020 5360
261 503 320 568 lae
668 523 803 568 suenus
829 523 958 568 smnus.

254 703 316 744 non
349 684 494 744 dicuntur
525 685 664 746 venditae
690 703 727 744 er
759 686 862 764 aliqua
894 685 1095 759 necessitate,
1115 685 1167 746 sed
1188 687 1379 762 permutatae

256 812 325 852 cum
347 793 415 853 aliis
440 794 526 854 bonis
551 813 620 854 cnm
641 794 797 853 commodo
817 797 927 854 vestro.
968 793 1033 853 Neo
1053 793 1168 854 laetum
1188 794 1244 853 boc
1265 793 1307 853 sio
1327 811 1379 853 ac·

256 901 350 977 cipio,
382 902 468 981 quasi
499 901 660 961 fraudandi
693 901 811 962 animus
840 902 874 960 in
906 920 941 962 oo
974 902 1074 981 quoad
1103 920 1200 962 meam
1215 920 1379 979 personam

255 1010 397 1072 adfuerit.
438 1010 519 1070 Nam
546 1030 607 1071 non
637 1010 789 1087 praevidit
811 1028 919 1087 parens
941 1011 1149 1088 respublicas
1169 1011 1202 1070 in
1222 1031 1292 1071 eum
1313 1011 1379 1069 sta-

256 1121 338 1192 tum,
359 1119 392 1178 in
413 1136 472 1198 quo
493 1138 574 1179 nnuc
600 1120 687 1192 sunt,
709 1119 873 1199 aliquando
893 1122 1040 1182 venturas
1065 1137 1147 1193 esse,
1167 1120 1298 1180 ettanta
1310 1119 1380 1177 erat

256 1227 336 1288 inter
361 1246 416 1288 uos
451 1231 525 1288 tnnc
557 1228 702 1305 temporis
728 1228 898 1306 animorum
919 1228 1093 1305 conjunctio
1115 1230 1146 1288 st
1166 1225 1378 1299 familiaritas,

256 1337 293 1394 ut
321 1335 399 1396 forte
432 1335 603 1412 putaverit,
635 1353 691 1394 neo
720 1335 864 1395 damnrnn
885 1354 916 1396 se
938 1335 1013 1395 mihi
1032 1354 1088 1395 nec
1108 1335 1301 1396 ostensionem
1321 1332 1379 1394 ali·

256 1463 347 1523 quam
375 1463 410 1502 cr
440 1442 662 1518 permutatione
694 1443 869 1504 allaturum.
923 1444 1129 1504 Nihilominus
1160 1445 1314 1523 utcunque
1344 1459 1378 1502 se

256 1552 329 1612 haee
352 1569 400 1612 res
426 1551 552 1624 habeat,
574 1552 601 1612 si
629 1570 731 1612 rerum
754 1531 848 1612 talem
872 1552 1128 1628 permutationem
1147 1551 1256 1611 initam
1280 1556 1376 1629 esset,

256 1663 323 1720 tum
357 1680 389 1720 re
419 1659 486 1737 ipsa
515 1659 548 1718 id
579 1664 682 1720 actum
705 1663 769 1735 est,
800 1660 881 1741 quod
904 1660 969 1720 fieri
991 1681 1040 1720 me
1060 1660 1155 1720 inscio
1179 1678 1241 1720 nou
1261 1659 1377 1721 debuit

256 1769 336 1830 Nam
356 1770 390 1830 in
411 1767 515 1843 bonis,
537 1788 614 1849 quae
635 1770 702 1830 loco
725 1769 964 1845 hypothecarum
985 1788 1121 1829 mearum
1142 1772 1263 1847 recepta
1287 1773 1378 1845 sunt,

256 1898 318 1941 uon
349 1880 443 1940 habco
459 1880 511 1957 jus
535 1879 676 1958 aliquod,
698 1881 730 1939 et
750 1879 831 1958 quod
852 1878 947 1939 babeo
968 1879 1001 1939 in
1021 1879 1198 1956 hypothecis
1222 1879 1316 1953 meis,
1341 1879 1375 1936 id

258 1992 366 2050 eontra
397 1989 522 2049 tertium
553 1987 692 2067 persequi
723 2006 829 2066 cogor,
850 1990 906 2047 aut
930 1986 1015 2048 brevi
1035 2006 1089 2063 per
1111 1987 1385 2064 praescriptionem-

259 2096 417 2174 oxpirabit.
467 2096 517 2156 Ita
545 2096 599 2156 fiet
629 2097 770 2171 tandem,
800 2097 837 2155 nt
867 2095 926 2155 nisi
949 2094 1141 2172 praevidere,
1163 2093 1309 2154 damnum
1329 2114 1379 2155 ma

259 2207 371 2268 sentire
393 2224 513 2266 necesse
544 2204 600 2277 sit;
632 2207 832 2265 veruntamen
855 2205 929 2265 visis
949 2223 968 2264 a
987 2203 1074 2266 vobis
1095 2204 1307 2265 instrumentis
1330 2209 1380 2265 at

258 2335 316 2396 que
336 2335 372 2379 ex
391 2315 429 2375 iis
450 2314 579 2392 cognitis
606 2314 783 2390 hypothecis
806 2313 900 2390 meis,
923 2313 949 2373 si
971 2313 1048 2372 mihi
1068 2297 1288 2375 affirmaveritis
1312 2333 1378 2374 eas·

256 2425 325 2486 dem
355 2425 424 2486 illas
455 2425 639 2501 hypothecas
672 2442 737 2484 esse
768 2424 864 2484 adhuc
895 2424 929 2483 in
951 2423 1084 2483 dominio
1109 2425 1227 2496 vestro,
1249 2423 1379 2484 sufficiet

259 2535 333 2595 mihi
353 2538 455 2596 vestra
482 2534 626 2609 assertio,
656 2553 711 2593 uec
732 2533 824 2619 aliam
845 2532 1054 2609 probationem
1071 2533 1202 2610 postulo.
1244 2531 1377 2602 Quodsi

257 2662 320 2704 non
351 2647 439 2719 sunt,
460 2647 527 2704 tum
549 2661 623 2722 rogo
650 2643 810 2720 patiamini
833 2661 881 2703 me
904 2642 1089 2720 hypothecas
1114 2661 1195 2702 meas
1221 2643 1376 2722 persequi,

259 2772 314 2814 nec
336 2753 427 2813 aliter
446 2751 520 2812 mihi
541 2751 705 2825 consulite,
725 2771 763 2812 ne
784 2752 839 2811 hoo
860 2771 921 2812 nou
941 2754 1007 2812 tam
1027 2752 1191 2824 creditum,
1212 2770 1304 2831 quam
1326 2753 1378 2811 de·

257 2862 391 2938 positum
413 2865 444 2922 ct
471 2880 526 2940 ego
550 2865 582 2922 et
601 2863 681 2922 filius
701 2879 786 2922 meus
803 2862 836 2920 iu
863 2864 970 2922 nostra
990 2861 1168 2921 necessitate
1189 2861 1377 2921 amittamus.

257 2972 323 3032 Scit
346 2973 426 3032 enim
447 2973 562 3050 optima
582 2975 679 3032 mater
699 2975 768 3045 tua,
789 2990 848 3050 quo
870 2972 970 3031 animo
992 2973 1023 3030 et
1043 2971 1102 3031 fine
1122 2971 1281 3047 pecuniam
1302 2969 1378 3046 ipsis

178 3075 186 3093 ⁸
258 3100 357 3142 meam
381 3082 632 3155 concrediderim,
662 3081 812 3161 quomodo
834 3081 927 3141 etism
947 3080 1070 3158 ipsimet
1092 3080 1207 3140 reditus
1228 3083 1261 3140 et
1281 3079 1379 3156 hypo-

255 3195 358 3254 thecas
380 3213 434 3269 pro
457 3212 511 3253 suo
535 3192 662 3253 arbitrio
683 3191 912 3267 constituerint,
934 3193 966 3250 et
985 3209 1077 3269 quam
1097 3191 1251 3249 moderate
1272 3209 1320 3249 me
1343 3189 1378 3248 in

256 3302 410 3380 exigendis
441 3303 483 3362 eis
514 3321 631 3378 semper
650 3302 808 3380 gesserim,
830 3301 974 3380 quamdiu
995 3300 1116 3360 aliunde
1136 3300 1210 3359 mihi
1230 3300 1378 3377 suppetiit

256 3412 380 3472 honeste
400 3413 521 3474 vivendi
541 3412 629 3472 ratio.
671 3411 714 3471 At
733 3412 790 3470 hoc
810 3430 913 3471 rerum
935 3413 1035 3482 statu,
1059 3427 1118 3488 quo
1140 3427 1250 3468 munus
1274 3409 1376 3486 publi·

258 3540 326 3581 cum
347 3522 429 3581 obire
451 3521 611 3582 reformido
634 3522 725 3600 atque
747 3522 780 3580 in
800 3522 858 3582 hac
877 3521 1009 3598 corporis
1035 3520 1094 3579 mei
1122 3518 1317 3593 infirmitate,
1338 3518 1378 3578 ob

258 3650 349 3711 quam
379 3651 486 3708 parum
515 3630 770 3691 adlaborandum
789 3619 915 3691 idonens
936 3650 1018 3704 sum,
1039 3629 1155 3688 diutius
1177 3647 1278 3688 carere
1298 3626 1379 3686 redi-

257 3739 340 3800 tibus
359 3741 421 3801 illis
441 3759 502 3801 nou
521 3759 652 3816 possum.
695 3739 895 3810 Quamobrem
915 3740 941 3800 si
961 3760 1008 3799 me
1037 3759 1056 3798 a
1076 3738 1283 3815 perseeutione
1299 3736 1380 3813 juris

259 3851 318 3910 mei
340 3850 484 3910 desistere
505 3849 618 3922 vultis,
639 3853 706 3909 tum
727 3849 783 3908 hoo
804 3849 903 3926 agite,
923 3852 960 3908 nt
983 3867 1086 3908 eorum
1108 3848 1219 3909 solutio
1241 3847 1275 3905 in
1295 3845 1380 3904 futu-

257 3979 325 4020 rum
344 3961 418 4020 mihi
438 3960 567 4020 fideliter
588 3963 734 4020 caveatur
753 3961 784 4018 et
810 3961 1000 4034 praestetur,
1030 3962 1122 4037 atque
1144 3976 1225 4016 nunc
1246 3975 1302 4033 pro
1322 3955 1379 4014 hoc

257 4088 336 4130 anno
367 4070 496 4130 officiose
516 4073 548 4131 et
575 4073 711 4132 amanter
732 4070 855 4146 rogatos
875 4087 930 4128 vos
965 4069 1048 4141 volo,
1080 4069 1117 4126 ut
1147 4066 1265 4125 eosdem
1298 4063 1380 4123 redi-

256 4181 307 4241 tus
338 4180 571 4242 Franoofurtum
601 4180 675 4238 mihi
705 4199 759 4256 per
791 4182 987 4239 mercatorem
1020 4178 1151 4256 aliquem
1177 4175 1380 4235 Embdensem

256 4294 288 4354 in
318 4292 460 4370 proximis
482 4290 625 4350 nundinis
646 4289 873 4349 autumnalibus
895 4287 1124 4348 transmittatis.
1172 4285 1253 4344 Nem
1275 4285 1301 4344 si
1319 4285 1382 4343 bel-

256 4403 319 4462 lum
343 4403 420 4462 illud
446 4403 479 4461 in
507 4401 623 4461 ditione
650 4399 819 4460 Coloniensi
850 4397 1077 4479 perduraverit,
1104 4395 1242 4456 existimo
1267 4395 1377 4454 melius

255 4529 335 4585 esse,
354 4531 401 4571 me
421 4512 470 4571 hio
485 4511 523 4593 ‚in
543 4511 690 4588 superiori
711 4508 871 4570 Germania
891 4509 940 4568 vel
960 4506 1072 4568 alicubi
1093 4507 1152 4566 alio
1172 4505 1206 4564 in
1225 4505 1293 4565 loco
1307 4524 1378 4582 per·

253 4639 391 4696 manere,
422 4620 695 4700 quamOoloniam
716 4620 828 4698 redire,
850 4619 900 4680 oui
920 4619 1040 4680 civitati
1060 4637 1096 4679 ex
1115 4618 1198 4696 justo
1218 4617 1276 4678 Dei
1293 4618 1379 4694 jndi-
