3020 5360
281 470 318 530 70
691 482 825 526 recisus
853 481 982 524 scalas.

282 646 379 722 uerit,
399 645 473 723 qnid
494 644 587 705 etiam
610 642 643 703 in
665 643 733 704 aliis
756 642 848 714 locis,
872 643 904 701 et
925 658 1002 716 qnae
1022 639 1117 702 fuerit
1140 640 1306 701 multorom
1321 640 1414 702 circa

281 755 354 816 haec
375 753 454 813 bcna
474 752 546 814 olim
569 751 737 824 aberratio,
759 750 812 811 sed
835 751 1048 827 praeterquam
1069 749 1149 826 quod
1175 749 1237 809 alia
1257 749 1298 810 sit
1316 751 1410 828 apud

281 881 334 924 nos
357 861 627 923 ecclesiasticorum
649 860 798 920 bonorum
821 859 915 932 ratic,
936 859 1020 938 origo
1042 861 1074 918 et
1095 859 1289 932 constitutio,
1310 862 1351 919 nt
1374 859 1410 918 in

282 972 320 1036 iis
341 971 427 1031 nulla
449 971 600 1046 potestas,
622 968 740 1028 nullum
759 969 829 1044 jus,
850 967 909 1028 sibi
931 985 1073 1046 arrogare
1085 968 1219 1046 legitime
1233 971 1343 1045 queat,
1360 968 1410 1028 ita

282 1080 347 1140 sine
376 1079 434 1138 Dei
464 1078 641 1151 offensione,
673 1097 728 1138 neo
762 1078 826 1138 sine
850 1077 938 1156 gravi
964 1052 1146 1138 nostrorum¹
1162 1078 1319 1138 hominum
1341 1079 1410 1137 lac·

282 1190 381 1262 sione,
410 1187 514 1248 licebit
543 1186 630 1245 nobis
662 1186 737 1260 alic,
770 1205 861 1263 quarn
892 1187 930 1245 ad
961 1176 1131 1263 praedictos
1162 1205 1235 1246 usus
1267 1205 1304 1246 ea
1330 1205 1410 1247 con·

284 1301 410 1359 vertare.

327 1405 369 1470 De
392 1424 441 1480 co,
469 1405 551 1482 quod
580 1423 661 1465 nunc
684 1406 719 1464 fit
744 1424 780 1464 ex
800 1404 980 1464 necessitate
1007 1403 1188 1464 defensionis
1213 1423 1274 1465 non
1297 1405 1410 1484 dispu-

284 1518 332 1590 to,
364 1516 415 1576 sed
446 1514 583 1591 expedire
609 1517 748 1592 putarem
768 1514 801 1573 in
823 1516 965 1574 eventum
988 1513 1166 1573 necessitate
1187 1515 1243 1574 hac
1269 1534 1325 1591 per
1347 1516 1409 1575 mi-

284 1623 475 1685 sericordiam
504 1624 562 1684 Dei
585 1625 721 1690 cessante
746 1622 889 1699 perpendi
915 1624 947 1681 et
974 1621 1092 1682 decerni
1119 1622 1152 1682 in
1177 1641 1252 1698 quos
1272 1643 1349 1684 usus
1371 1643 1410 1683 ea

284 1733 463 1796 destinanda
488 1736 520 1793 et
543 1733 723 1810 applicanda
761 1732 901 1808 deinceps
934 1731 1012 1803 sint,
1044 1731 1170 1810 singulis
1194 1732 1341 1793 nimirum
1365 1733 1409 1793 ci·

284 1843 431 1904 vitatibus
461 1844 500 1903 ad
520 1842 703 1919 ministeria,
735 1841 853 1902 scholas
875 1843 906 1901 et
930 1840 1109 1902 senodochia
1133 1842 1210 1902 certi
1234 1841 1282 1902 sui
1302 1842 1409 1902 reddi-

284 1956 335 2014 tus
358 1951 577 2012 addicerentur.
617 1950 702 2011 Idem
721 1950 807 2010 fieret
828 1949 892 2008 ruri
912 1949 945 2008 in
959 1949 1086 2028 singulis
1098 1949 1271 2028 grieteniis,
1286 1955 1405 2014 cuncta

207 2137 218 2155 ⁴
284 2061 416 2122 breviter
445 2061 524 2121 bona
555 2063 621 2122 tum
640 2060 702 2120 illis
729 2063 795 2120 tum
823 2059 890 2119 aliis
911 2060 969 2135 piis
990 2061 1022 2120 et
1044 2059 1219 2120 necessariis
1240 2037 1350 2121 usibus
1375 2062 1410 2120 in

283 2163 437 2248 posterum
468 2170 703 2242 devorarentur,
735 2169 786 2229 sed
819 2169 845 2228 si
865 2169 939 2228 haec
960 2168 993 2228 in
1012 2170 1103 2229 tanta
1121 2188 1222 2229 rerum
1242 2170 1409 2246 perturba·

285 2281 368 2342 tione
402 2281 537 2341 nondum
565 2279 667 2362 panici
698 2281 827 2354 queunt,
858 2280 965 2338 saltem
1000 2279 1108 2338 animis
1135 2281 1166 2338 et
1198 2280 1407 2357 declaratione

284 2393 389 2451 nostra
419 2394 522 2468 aperte
545 2389 751 2461 ostendamus,
783 2407 858 2466 quae
890 2388 969 2448 circa
992 2389 1065 2448 haec
1086 2389 1166 2448 bona
1182 2390 1268 2466 justa
1293 2395 1406 2450 nostra

284 2497 392 2576 petitio
412 2498 462 2558 sit.
513 2497 598 2558 Idem
618 2497 749 2557 arbitror
769 2496 936 2557 Hellandos
953 2498 1019 2573 J'am
1039 2497 1143 2559 fecisse
1169 2500 1223 2557 aut
1245 2517 1300 2558 suo
1324 2501 1407 2559 tcm-

285 2623 356 2682 pore
377 2606 510 2666 facturos
534 2624 606 2666 esse.
679 2637 682 2642 ·

326 2716 412 2787 Quod
436 2717 563 2793 exempli
586 2734 692 2776 caussa
712 2717 792 2777 circa
811 2717 885 2777 haec
905 2717 985 2777 bona
1001 2717 1149 2790 indicavi,
1177 2718 1258 2780 idem
1278 2718 1312 2777 in
1336 2739 1406 2778 mu·

283 2825 405 2886 neribus
425 2827 457 2884 et
477 2824 580 2885 officiis
605 2824 825 2886 observandum
845 2844 959 2888 censeo.
1001 2826 1080 2886 Item
1101 2826 1348 2902 considerabitis,
1365 2847 1405 2887 an

285 2937 390 2996 eontra
420 2934 549 3011 pristina
577 2934 734 3012 privilegia
751 2938 855 2995 nestra
872 2936 905 2994 in
926 2935 1124 3014 vectigalibus
1148 2935 1329 2996 attributis
1355 2939 1406 2998 vel

283 3044 316 3104 in
337 3043 399 3102 ulla
419 3062 451 3103 re
473 3043 532 3104 alia
551 3044 649 3117 ultra,
680 3062 771 3122 quam
791 3044 947 3122 expediat,
976 3045 1096 3124 gravati
1125 3045 1218 3105 simus
1238 3048 1270 3105 et
1293 3045 1406 3106 horum

284 3171 401 3231 quoquc
424 3153 457 3213 in
486 3153 543 3212 hac
567 3153 734 3214 mutatione
758 3154 838 3214 ratic
869 3154 1001 3215 ineunda
1024 3158 1072 3216 est
1097 3159 1128 3215 et
1159 3155 1347 3230 sublevatio,
1380 3155 1403 3213 si

284 3280 345 3322 non
372 3281 426 3340 pre
456 3263 514 3324 hoc
543 3266 693 3341 tempore,
715 3264 823 3324 saltem
844 3263 877 3323 in
900 3266 1071 3341 posterum,
1092 3266 1227 3343 urgenda
1247 3268 1279 3325 et
1302 3265 1402 3342 pacis-

283 3371 378 3432 cenda
397 3372 464 3434 erit.
1494 3435 1495 3448 ,

323 3477 411 3540 Oirca
430 3480 532 3540 omnia
549 3470 668 3554 tamen,
690 3500 767 3557 quae
791 3480 824 3541 in
844 3482 891 3542 his
911 3483 1012 3543 acturi
1033 3483 1105 3544 estis
1127 3501 1195 3558 oro,
1219 3481 1348 3544 Ordines
1370 3482 1403 3541 in

283 3590 448 3666 communi,
478 3589 594 3650 nobiles
619 3589 748 3662 scilicet,
769 3591 957 3668 propriorum
983 3591 1133 3652 bonorum
1161 3610 1346 3668 possessores
1372 3594 1403 3652 et

282 3695 439 3776 civitates,
470 3718 508 3759 ne
528 3699 605 3758 alius
626 3699 689 3760 sine
715 3699 774 3760 alic
794 3701 843 3762 vel
866 3720 945 3761 nnus
972 3721 1039 3762 cum
1063 3703 1247 3762 detrimento
1268 3702 1401 3762 aliorum
1493 3769 1494 3780 ,

282 3809 443 3890 quicquam
467 3826 601 3868 seorsum
621 3809 670 3869 vel
694 3823 843 3886 proponat
867 3811 915 3871 vel
943 3811 1094 3888 postulet;
1122 3812 1218 3871 omnis
1242 3811 1324 3889 apud
1345 3829 1401 3871 nos

281 3919 376 3979 nimia
405 3918 606 3997 inaequalitas
636 3920 803 3996 perniciosa
834 3923 896 3996 est,
928 3924 959 3982 ct
986 3923 1038 4000 qui
1061 3922 1178 3998 patriae
1209 3941 1315 3982 amans
1333 3925 1400 3997 est,

280 4029 388 4107 cuique
409 4026 507 4087 ordini
528 4045 616 4087 suum
638 4028 782 4088 honorem
805 4028 957 4089 stlocum
977 4029 1109 4106 tribuet,
1141 4029 1222 4090 idom
1243 4034 1346 4092 tamen
1367 4030 1401 4088 in
1492 4081 1493 4086 ,

280 4136 337 4196 hcc
365 4134 534 4210 incumbet,
566 4139 713 4215 utquam
740 4137 873 4214 proxime
895 4156 998 4197 omncs
1023 4140 1127 4213 simul,
1149 4140 1228 4238 sicut
1246 4141 1279 4200 in
1301 4141 1400 4202 oneri-

279 4243 353 4319 bus,
374 4244 419 4305 ita
442 4245 534 4306 etiam
554 4246 587 4305 in
606 4246 771 4307 honoribus
794 4247 959 4326 conjungat
979 4251 1010 4308 ct
1027 4249 1157 4326 copulet.

320 4353 378 4413 Per
398 4373 429 4415 se
452 4355 525 4416 haec
552 4355 724 4432 conjunctio
749 4356 782 4414 in
803 4357 885 4415 omni
906 4357 1060 4433 republica
1081 4360 1264 4437 requiritur,
1285 4361 1339 4421 sed
1353 4380 1399 4422 sc·
1491 4361 1492 4376 ³

280 4464 412 4524 cundum
441 4467 567 4525 naturas
597 4467 716 4526 nostras
739 4465 813 4525 adeo
835 4467 915 4542 apud
935 4485 990 4528 nos
1011 4469 1179 4529 necessaria
1199 4472 1261 4547 cst,
1281 4474 1398 4531 utnon

279 4574 321 4635 sit
341 4575 439 4651 aliud,
461 4594 551 4651 quam
577 4575 762 4636 contrarium
782 4576 863 4652 ejus,
885 4578 966 4652 quod
987 4580 1018 4639 et
1039 4579 1111 4639 olim
1133 4579 1304 4642 libertatem
1327 4599 1398 4642 nos·
1490 4659 1491 4680 Χ
