3020 5360
518 481 675 524 nnusuuro
696 480 826 525 sunaus.
1196 464 1235 522 99

111 645 168 704 tas
187 643 284 704 adhuc
305 643 410 721 plagas
430 642 579 704 sustinere
600 661 761 720 cogemur„
787 624 952 703 ¹Aberratio
979 640 1072 702 etiam
1096 642 1169 703 haec
1189 643 1236 704 fa·

110 751 175 827 eit,
196 758 229 811 ut
250 752 360 830 vulgus
384 749 541 812 hominum
560 769 616 828 pro
640 751 749 829 majori
770 754 856 829 parte
879 751 912 812 iu
933 751 1113 812 atheismum
1134 752 1234 813 cadat.

112 861 184 933 Quo
214 863 317 921 tamen
346 861 437 938 paulo
468 861 575 922 melius
595 861 669 922 haec
691 861 859 940 intelligas,
880 861 920 921 ad
940 861 1055 938 priores
1075 861 1234 938 adjunctas

109 969 221 1030 literas
251 969 330 1029 addo
360 969 458 1030 adhuc
489 968 593 1042 binas,
625 989 754 1047 quarum
784 988 860 1030 unas
882 969 1092 1031 adcumulem
1114 969 1234 1030 (landa-

110 1099 252 1152 vensem,
273 1080 385 1140 alteras
408 1079 448 1140 ad
468 1079 594 1168 Petrum
616 1079 902 1158 Hyperphragmum
918 1081 985 1157 jaim
1004 1080 1077 1140 olim
1091 1079 1213 1158 dedii).

155 1189 201 1250 Ut
220 1189 343 1250 tandem
363 1189 403 1249 ad
423 1188 570 1267 scriptum
593 1188 670 1249 illud
691 1189 827 1263 veniam,
848 1189 925 1250 scias
947 1207 1141 1266 quaecunque
1162 1207 1234 1249 111-
1281 1223 1284 1228 -

110 1301 211 1376 1112)
245 1300 282 1360 de
315 1297 511 1376 magistratu,
544 1296 642 1373 qualis
671 1296 698 1358 is
729 1317 793 1358 esse
824 1298 948 1373 debeat,
979 1316 1015 1358 ex
1036 1298 1187 1375 scriptura
1200 1298 1231 1374 3)

111 1409 267 1481 ostendit,
289 1427 325 1468 oa
348 1427 396 1468 me
417 1426 605 1485 summopere
626 1408 769 1486 probare,
790 1409 842 1468 sed
864 1407 999 1469 adhiberi
1020 1406 1109 1481 debet
1129 1406 1233 1468 discri-

110 1538 186 1580 men
215 1518 309 1592 illud,
342 1518 423 1599 quod
454 1535 545 1594 supra
569 1518 735 1591 declaravi,
757 1517 875 1578 utinam
895 1520 960 1578 tam
983 1516 1065 1578 beati
1087 1535 1233 1592 essemus,

109 1632 150 1690 111
181 1627 345 1704 aliquando
377 1626 593 1704 magistratum
626 1625 834 1698 obtineamus,
867 1625 919 1702 qui
951 1624 1135 1702 euinceret,
1157 1645 1233 1704 quae

108 1737 189 1816 legis
212 1738 301 1810 suut,
333 1735 385 1798 sed
414 1754 434 1796 a
459 1734 563 1795 multis
584 1734 693 1795 seculis
717 1733 807 1811 pauci
826 1733 859 1793 iu
881 1733 1014 1794 historiis
1034 1733 1234 1796 inveniuntur

110 1851 146 1909 et
166 1847 257 1908 hodie
277 1846 374 1924 magis
393 1864 412 1905 a
433 1844 506 1907 viris
523 1843 611 1904 bonis
632 1845 833 1921 exoptantur,
863 1863 954 1921 quam
975 1845 1012 1903 ut
1032 1844 1233 1908 demonstrari

108 1958 238 2036 queant.
289 1954 539 2017 christianismus
568 1973 616 2014 res
644 1953 742 2013 rarior
763 1955 829 2026 est,
850 1957 883 2014 et
905 1972 1012 2030 parum
1033 1953 1131 2016 adhuc
1152 1954 1233 2032 apud

109 2067 291 2145 plaerosque
313 2065 462 2142 cognitus.
503 2062 593 2141 Spem
617 2065 721 2124 11111111
741 2061 853 2137 habeo,
874 2061 927 2122 ubi
944 2061 1119 2124 reformatio
1139 2062 1233 2124 eccle-

108 2177 174 2239 siae
195 2176 283 2255 plene
303 2157 322 2236 a
341 2174 473 2235 Domino
494 2173 629 2252 coeperit
653 2191 715 2233 una
739 2191 808 2232 eum
829 2172 989 2250 operariis,
1010 2193 1087 2251 quos
1106 2173 1234 2252 ipsemet
1274 2201 1280 2208 ·

109 2289 293 2348 extrusums
324 2287 372 2346 est
402 2283 441 2344 ad
472 2283 599 2364 gloriam
619 2281 780 2361 potestatis
801 2301 872 2343 suas
892 2283 1036 2345 daturum
1056 2282 1149 2346 etiam
1169 2305 1233 2346 ma·

107 2397 260 2479 gistratus
284 2393 487 2469 Christianos,
509 2395 575 2454 tum
597 2393 717 2454 demum
737 2412 963 2472 cognoscemus,
984 2397 1132 2472 quantum
1152 2394 1233 2455 iuter

108 2509 168 2570 hos
200 2509 232 2568 et
260 2505 330 2566 illos
354 2503 514 2565 discrimen
535 2502 584 2564 sit
626 2501 829 2563 Nihilominus
849 2503 989 2564 volumus
1009 2521 1070 2563 una
1090 2522 1159 2563 cum
1178 2502 1231 2564 illo
1348 2585 1352 2595 .

108 2619 231 2681 interea
258 2615 402 2692 temporis
428 2615 505 2675 tales
530 2611 743 2701 magistratus,
773 2612 876 2688 quales
897 2611 1053 2687 describit,
1076 2614 1180 2689 optare
1200 2614 1232 2673 et

109 2745 266 2806 quaerere.
316 2724 362 2785 Ac
393 2723 465 2785 licet
494 2723 693 2800 undequaque
724 2739 787 2782 non
806 2720 933 2798 perfecti
952 2720 1083 2796 fuerint,
1103 2720 1232 2782 libenter

109 2841 217 2900 tamen
237 2834 441 2916 permittimus
465 2833 518 2911 iis,
539 2836 576 2895 ut
596 2849 792 2911 quaecunque
815 2830 911 2908 impia
928 2835 1126 2910 cognoscant,
1160 2849 1231 2892 eae

109 2948 212 3009 medio
234 2947 363 3021 tollant,
384 2964 519 3024 quaeque
540 2944 590 3022 pia
610 2945 683 3003 sunt
703 2944 916 3038 promoveant,
941 2944 977 3002 ut
1001 2941 1098 3002 sciant
1112 2945 1231 3016 1111111,

110 3077 191 3138 quae
204 3058 288 3118 ultra
307 3058 404 3136 legem
426 3055 574 3128 existunt,
595 3072 656 3115 non
677 3071 740 3113 esse
761 3051 909 3113 ordinarii
930 3051 1019 3112 officii
1039 3069 1153 3112 eorum.

154 3167 226 3229 Non
245 3165 419 3244 progredior
432 3164 561 3243 longius.
602 3163 648 3222 Ex
662 3162 759 3224 literis
774 3160 853 3222 enim
867 3161 1019 3239 adjunctis
1032 3160 1120 3221 facile
1133 3179 1231 3221 meam

110 3276 297 3344 sententiam
316 3275 448 3354 colliges.
490 3273 604 3345 Quibus
625 3273 867 3350 conjungendum
880 3271 984 3333 censui
997 3271 1137 3350 exiguum
1151 3268 1231 3332 hune

110 3387 252 3450 libellum
264 3386 315 3463 4),
346 3403 382 3445 ex
412 3401 472 3462 quo
504 3385 607 3461 paucis
627 3383 745 3462 paginis
766 3381 941 3461 perspicies,
962 3401 1002 3442 an
1022 3399 1058 3441 ea
1078 3379 1231 3456 doctrina,

110 3498 165 3561 cui
191 3514 294 3557 omnes
316 3493 502 3555 subscribere
523 3494 605 3567 vult,
625 3493 671 3554 ita
691 3492 773 3554 omni
787 3495 873 3570 parte
888 3490 1023 3569 perfecta
1036 3489 1092 3566 sit,
1105 3493 1141 3550 ut
1153 3491 1231 3550 nulli

109 3608 206 3668 liceat
225 3606 381 3666 uelatum
401 3604 523 3682 quidem
542 3622 675 3682 unguem
695 3603 733 3663 ab
756 3621 792 3663 ea
811 3603 958 3663 recedere.
1010 3600 1119 3662 Aliena
1139 3600 1231 3663 etium

111 3721 164 3780 est
192 3718 266 3777 haec
297 3714 507 3791 111111111οὸ)
537 3732 556 3774 a
587 3713 720 3792 Spiritus
749 3710 854 3774 Sancti
873 3711 1056 3785 ministerio,
1077 3713 1129 3772 sed
1150 3710 1231 3788 quod

109 3827 202 3888 hodie
222 3845 242 3886 a
261 3823 365 3903 paucis
385 3823 483 3884 adhuc
503 3821 694 3902 intelligitur.

109 3930 318 3942 —a—

149 3977 173 4040 l)
207 3975 428 4028 1111111118.

149 4072 174 4134 2)
208 4070 315 4122 Achoma
332 4070 450 4121 schreibt:
470 4069 572 4129 „Mauso
589 4069 739 4135 Altiugius.”

149 4166 174 4230 3)
209 4165 301 4216 Albada
326 4166 432 4217 schreibt
453 4182 493 4216 sm
511 4166 607 4216 Raude:
635 4165 812 4230 ,Quaecunque
832 4165 858 4214 iu
883 4163 973 4229 scripto
994 4163 1036 4212 illo
1054 4163 1175 4214 habentur
1191 4164 1232 4213 dc·

109 4254 213 4316 sumpts
236 4253 295 4299 suut
321 4265 350 4300 ex
366 4249 428 4300 libro
445 4249 509 4301 Mar.
536 4245 1232 4314 Β111111111113110111111ἰ11Εά111311111131111,

109 4349 169 4385 eum
186 4333 266 4383 vide.”

147 4429 173 4490 4)
207 4427 316 4479 halama
330 4427 399 4492 fucgt
415 4425 499 4478 hinnu:
519 4426 704 4487 ,Hsrxheimsri
719 4425 862 4479 couiessio.”

148 4523 174 4586 1)
208 4522 256 4572 Ein
272 4538 319 4573 von
335 4522 428 4574 Altada
444 4537 487 4573 sus
504 4522 560 4573 (lem
577 4521 661 4574 Worte
687 4522 835 4585 coraeiuare,
852 4522 983 4584 1111111111,
1001 4521 1115 4582 krussen,
1138 4520 1231 4571 selbst-

109 4604 248 4672 gebildstes
264 4605 343 4660 wart.
