3028 5348
485 530 642 573 unuuuaro
664 529 794 572 horrus.
1160 509 1198 568 63

21 711 23 722 ’
88 703 156 762 sunt
187 702 220 759 et
249 697 321 756 ferri
349 695 494 772 possunt,
524 693 643 752 caetera
661 709 716 768 pro
737 691 887 752 derelictis
906 692 1052 752 habereut
1072 693 1111 751 ad
1124 693 1200 752 tem·

87 826 140 886 pus
163 824 255 883 quam
278 801 488 881 praesentibus
509 799 542 858 in
562 799 625 858 dies
655 797 794 875 spoliari,
826 800 857 858 et
882 799 1005 859 tandem
1024 801 1128 860 tamen
1147 801 1201 862 ubi

87 915 165 974 nibil·
189 913 228 972 ad
258 911 391 971 dandum
423 911 560 986 superest
589 906 792 969 vastationem
823 910 854 967 et
885 907 1071 968 exustionem
1100 929 1202 969 rerum

89 1044 208 1084 suarum
238 1023 377 1082 tolerare.
421 1018 480 1078 Sed
505 1035 571 1094 spes
598 1035 649 1076 eos
669 1035 785 1093 semper
805 1034 885 1077 nova
904 1015 997 1078 fovet.
1038 1017 1083 1076 Ex
1102 1020 1203 1095 patria

88 1151 151 1192 mea
169 1132 248 1192 nihil
269 1149 372 1191 eorum
395 1129 492 1188 adhuc
513 1145 589 1204 quae
611 1125 735 1198 scribis,
756 1125 908 1199 intellexi,
930 1126 981 1186 sod
994 1126 1026 1185 in
1039 1127 1128 1187 horas
1144 1129 1205 1189 sin·

89 1243 171 1319 gulas
202 1241 306 1300 literas
336 1238 406 1297 inde
434 1237 567 1312 expecto.
594 1233 780 1294 'Moukamae
800 1233 915 1295 factum
935 1235 1037 1294 miror.
1080 1235 1206 1297 Caetera

90 1369 147 1410 non
169 1349 377 1426 imprudenter
396 1347 518 1405 decreta
539 1343 614 1402 mihi
635 1343 786 1404 videntur.
818 1343 904 1414 Quod
925 1345 961 1406 de
981 1343 1144 1406 Alemonio
1165 1347 1204 1406 ad

91 1477 141 1519 ros
162 1459 309 1535 scriptum
333 1458 394 1531 est,
416 1453 548 1514 arbitror
568 1471 629 1513 non
650 1471 712 1512 esse
732 1472 847 1513 verum.
887 1452 992 1516 Habeo
1012 1455 1088 1516 alias
1101 1457 1138 1515 de
1151 1456 1204 1516 illo
1256 1440 1261 1448 Χ

92 1588 175 1630 ouras
196 1571 227 1628 et
248 1564 482 1636 sollicitudines,
504 1579 580 1638 quas
600 1561 698 1621 literis
719 1562 906 1622 committere
926 1582 988 1623 non
1009 1565 1120 1640 audeo,
1152 1584 1206 1625 nec

92 1651 162 1754 opus
184 1680 239 1738 est.
281 1675 410 1735 Factum
434 1672 511 1732 illud
532 1679 694 1731 nautarum
714 1673 812 1731 audax
833 1675 894 1747 est,
916 1675 947 1732 et
966 1666 1126 1734 comitibus
1139 1693 1207 1736 ves·

93 1787 145 1847 tris
164 1785 353 1847 intolerabile
374 1782 537 1843 videbitur.
579 1780 757 1858 Quanquam
779 1781 804 1842 si
828 1800 882 1860 ego
903 1800 1007 1842 eorum
1020 1800 1116 1843 essem
1137 1802 1208 1843 oon·

93 1895 235 1969 siliarius,
256 1896 289 1954 in
310 1913 344 1956 eo
365 1892 527 1954 coercendo
550 1891 651 1968 potius
672 1891 828 1952 leuitatem
851 1891 927 1968 illis,
949 1910 1040 1967 quam
1061 1893 1206 1953 severita-

93 2007 151 2064 tem
172 2005 338 2066 suaderom.
389 2001 560 2062 Fridericus
581 2001 658 2061 nihil
678 2001 753 2060 mihi
773 2001 809 2060 de
832 2000 933 2061 debito
955 2019 1021 2062 meo
1042 2001 1205 2077 indicavit,

92 2132 143 2174 uec
163 2114 270 2174 literas
290 2103 388 2185 illius,
410 2127 539 2188 quarum
559 2109 741 2170 mentionem
761 2109 851 2186 facis,
872 2111 988 2186 accepi,
1014 2129 1089 2188 quas
1109 2109 1148 2169 ab
1169 2128 1203 2169 eo

95 2240 153 2282 esse
173 2223 281 2284 missas
302 2222 411 2283 vellem
419 2265 434 2294 ‚.
449 2220 597 2297 simulque
618 2237 690 2298 rogo
710 2221 747 2278 ut
759 2218 839 2278 inter
851 2236 906 2280 vos
918 2194 1120 2294 conveniatis,
1134 2219 1206 2296 quid

94 2332 163 2392 mihi
183 2332 356 2392 faciendum
375 2331 504 2408 putetis,
525 2329 652 2406 pecunia
664 2329 725 2390 ista
738 2328 899 2388 admodum
913 2348 987 2406 opus
1000 2329 1104 2388 habeo.
1125 2326 1205 2387 Nam

97 2461 129 2500 ex
156 2441 254 2502 Frisiu
283 2460 391 2518 parum
421 2440 544 2516 accipio.
586 2438 665 2499 Sunt
692 2441 723 2498 et
743 2439 861 2499 Bildani
883 2439 957 2498 mihi
977 2440 1109 2515 reditus,
1130 2458 1205 2516 quos

97 2570 210 2627 praeses
231 2550 350 2630 Viglius
370 2550 433 2611 filio
453 2568 519 2610 meo
540 2549 680 2626 reliquit,
701 2550 806 2626 erepti.
839 2547 968 2610 Oolonus
981 2550 1058 2610 nihil
1070 2548 1132 2609 fere
1146 2548 1205 2608 sol·

96 2661 153 2735 vit,
174 2660 285 2740 reliqui
307 2662 409 2720 autem
430 2659 545 2719 reditus
567 2658 666 2737 exigui
688 2663 770 2719 sunt.
811 2657 886 2720 Cum
907 2659 1095 2718 Eussumano
1116 2657 1162 2718 ita
1175 2677 1205 2719 se

97 2785 139 2828 res
168 2769 275 2844 habet,
307 2771 343 2829 ut
373 2788 435 2828 non
467 2770 564 2830 solum
594 2768 721 2846 pignora
741 2768 884 2840 habeam,
906 2768 957 2828 sed
979 2768 1071 2828 etiam
1091 2767 1155 2844 ipse
1176 2769 1207 2827 et

96 2897 167 2938 uxor
185 2879 250 2956 ejus
274 2861 473 2954 personaliter
505 2877 581 2936 mihi
603 2896 639 2938 ex
669 2895 750 2938 nova
777 2876 958 2954 obligatione
994 2876 1085 2938 salvis
1105 2879 1208 2937 tamen

97 2987 265 3065 pignoribus
286 2988 325 3047 ad
346 2987 525 3048 solutionem
546 2987 699 3047 redituum
714 2986 854 3047 obstricti
867 2986 938 3046 sint.
979 2987 1086 3063 ltaque
1100 2987 1207 3046 haereo
1259 3032 1261 3036 .

98 3099 196 3157 utrum
216 3097 324 3157 melius
345 3097 402 3171 sit,
420 3100 458 3157 ut
474 3098 518 3157 ad
541 3097 668 3176 pignora
688 3115 792 3174 agam,
814 3114 853 3155 an
867 3114 1009 3173 personas
1023 3111 1126 3156 eorum
1140 3116 1213 3157 oon·

99 3207 224 3266 remam.
275 3205 342 3266 Hoc
374 3206 516 3266 ultimum
546 3206 620 3265 mihi
651 3207 747 3284 magis
767 3207 882 3283 placet,
904 3224 1076 3282 quanquam
1096 3205 1211 3266 invitus

100 3314 135 3374 ad
157 3316 307 3395 agendum
328 3318 476 3376 venturus
498 3314 564 3375 sim.
605 3314 654 3374 Ad
677 3315 863 3392 propositum
884 3317 986 3390 tuum,
1008 3315 1088 3392 quod
1103 3316 1212 3376 ultimo

101 3422 162 3486 loco
189 3426 310 3501 scribis,
343 3425 583 3486 benedictionem
614 3424 670 3484 tibi
692 3444 710 3484 a
731 3424 860 3486 Domino
882 3425 1018 3502 postulo,
1039 3428 1077 3486 ut
1096 3428 1127 3486 te
1148 3445 1216 3486 ous-

102 3534 195 3596 todiat
217 3538 249 3596 et
273 3537 428 3596 conservet
453 3533 492 3594 ab
514 3535 595 3594 omui
619 3535 714 3609 malo,
743 3534 875 3596 consiliis
895 3538 926 3595 ta
947 3536 1110 3596 seeundum
1130 3554 1216 3596 suam

101 3645 286 3705 uoluntatem
308 3644 460 3719 instruat,
481 3645 590 3721 quibus
612 3648 738 3706 conatus
762 3645 895 3705 hostium
916 3644 1012 3722 ipsius
1026 3647 1058 3705 et
1070 3645 1218 3704 bonorum

103 3754 231 3814 omnium
250 3754 457 3831 impediantur
477 3757 509 3815 et
528 3755 742 3832 reprimantur.
783 3755 915 3832 Quisque
929 3757 992 3815 stat
1012 3757 1043 3815 et
1063 3755 1146 3816 eadit
1162 3774 1217 3816 suo

102 3858 237 3924 Domino.
277 3864 409 3941 Quisque
429 3865 463 3925 in
487 3883 542 3926 suo
564 3884 653 3925 sensu
676 3863 830 3924 abundare
851 3865 950 3925 debet.
990 3864 1040 3925 Ad
1053 3866 1109 3927 hoe
1130 3864 1218 3925 modo
1252 3949 1253 3952 Ἴ

103 3972 310 4046 attendamus,
342 3992 380 4034 ue
407 3974 480 4052 quid
505 3975 587 4034 mala
606 3974 789 4034 conscientia
809 3974 1038 4053 aggrediamur,
1058 3977 1113 4035 aut
1133 3976 1221 4052 perfi-

103 4079 223 4142 ciamus.
265 4082 429 4170 Reserravi
448 4083 483 4144 in
503 4084 582 4144 hune
606 4085 723 4157 locum,
745 4084 826 4161 quod
848 4084 884 4144 de
909 4085 985 4144 uotis
1005 4084 1038 4143 in
1058 4083 1163 4161 primis
1183 4085 1221 4143 li·

105 4190 174 4251 teris
198 4191 357 4267 scripsisti.
398 4189 467 4250 Non
487 4210 610 4268 possum
638 4193 713 4252 satis
735 4192 857 4269 mirari,
880 4191 953 4270 quid
972 4193 1008 4252 de
1021 4192 1059 4253 iis
1073 4194 1224 4267 evenerit,

108 4301 184 4375 quod
215 4304 280 4360 tam
312 4319 409 4378 pauca
443 4301 625 4378 exemplaria
654 4301 765 4379 ubique
787 4303 922 4362 locorum
941 4301 1147 4378 reperiantur,
1168 4302 1227 4364 uisi
1269 4287 1274 4304 ’

105 4406 178 4470 lorte
198 4409 275 4469 illud
297 4409 355 4482 sit,
377 4410 458 4487 quod
480 4410 628 4486 pontificii
649 4411 750 4470 omnia
771 4411 935 4471 coemerint
950 4413 981 4471 et
995 4412 1224 4487 suppresserint.

107 4515 161 4580 Hio
193 4519 311 4579 nullum
332 4521 432 4593 extat,
463 4520 516 4579 sed
536 4520 617 4596 quod
635 4519 726 4580 mitto
746 4519 893 4580 redimere
914 4520 952 4580 ab
973 4519 1071 4580 amieo
1093 4521 1223 4598 quodam

108 4630 224 4689 coactus
264 4628 319 4690 fui.
371 4629 464 4689 Volui
497 4629 596 4690 adhuc
628 4647 721 4689 uuum
753 4628 874 4690 domino
906 4627 1034 4689 Paulino
1065 4629 1224 4690 secretario
