3028 5348
521 494 652 538 10111110
679 491 802 536 urruns.
1174 467 1212 528 31

100 667 165 726 dum
185 663 308 724 liberior
328 680 413 734 sum,
435 657 515 736 quod
534 675 595 717 non
615 656 766 734 ignorem,
794 672 830 714 ea
849 671 910 714 non
930 653 1026 713 solum
1046 671 1100 729 per
1120 653 1213 729 depu-

101 775 175 834 tatos
195 772 314 831 nostros
335 770 367 828 et
390 786 445 845 per
465 765 556 839 alios,
577 765 615 823 ad
636 781 711 840 quos
733 762 830 822 scribo
854 761 1011 839 perpendi,
1045 761 1098 821 sed
1121 760 1213 821 etiam

100 900 147 958 per
165 880 314 939 illustrem
334 876 487 937 dominum
508 874 756 952 gubernatorem,
778 871 817 930 ad
838 888 926 947 quem
947 869 1047 929 omnia
1069 869 1133 929 sino
1156 869 1211 929 du·

100 990 144 1050 bio
156 989 336 1061 referentur,
358 987 520 1062 conjuncto
540 983 681 1061 prudenti
702 985 756 1042 1110
779 980 953 1042 consilioad
966 999 1067 1041 rerum
1089 979 1215 1044 1111111111,

101 1099 148 1177 qui
176 1098 218 1158 ibi
249 1102 316 1170 eet,
348 1094 543 1172 attemperari
569 1097 600 1154 ct
625 1093 782 1154 moderari.
823 1091 967 1169 Alioquin
987 1090 1045 1150 nisi
1068 1090 1100 1150 id
1129 1108 1219 1151 even·

102 1212 196 1269 turum
230 1225 380 1286 speraram
404 1206 437 1265 in
467 1218 535 1265 mea
558 1202 741 1266 conscientia
760 1202 799 1272 ad
820 1201 1010 1263 scribendum
1034 1205 1066 1263 et
1089 1202 1216 1262 suaden-

103 1317 168 1378 dum
190 1316 304 1396 aliquid
328 1315 462 1378 invidior
481 1334 591 1387 essem,
612 1333 681 1374 cum
703 1314 741 1374 do
764 1313 817 1387 iis,
839 1331 915 1389 quae
940 1313 1020 1389 apud
1041 1331 1095 1374 vos
1120 1331 1215 1392 agun-

105 1430 167 1503 tur,
196 1446 214 1486 a
244 1425 358 1486 nostris
391 1443 454 1485 non
476 1423 610 1483 instruar
632 1422 682 1483 vel
711 1423 779 1482 tuto
803 1420 916 1480 instrui
938 1421 1061 1497 possim.
1103 1421 1214 1498 Porro,

109 1538 246 1614 quantum
266 1535 303 1595 ad
327 1534 416 1606 illud,
437 1532 518 1612 quod
539 1550 557 1592 a
578 1551 626 1591 me
646 1529 1025 1606 floridesideras‚attinet‚
1039 1532 1076 1592 de
1090 1549 1124 1592 eo
1139 1550 1215 1592 non-

104 1646 172 1706 nihil
200 1646 233 1706 in
260 1645 357 1706 literis
393 1643 431 1703 ad
465 1641 632 1721 gratiosum
655 1641 809 1701 dominum
833 1640 953 1717 scriptis
980 1641 1137 1718 respondi,
1159 1661 1213 1719 pro

105 1753 154 1815 hoe
180 1754 245 1816 vice
275 1753 414 1815 videmur
443 1749 651 1811 communibus
682 1749 731 1810 bic
764 1749 851 1811 novis
871 1749 1006 1810 contenti
1027 1730 1090 1810 0110
1113 1769 1214 1827 posse,

106 1864 178 1942 quod
196 1863 281 1924 nulla
303 1863 401 1923 adhuc
422 1865 523 1922 castra
543 1864 649 1922 00111111
668 1877 724 1920 nos
745 1862 923 1921 moveantur
942 1878 997 1919 nec
1020 1859 1138 1920 tamdiu
1150 1861 1215 1921 ullu

105 1977 180 2034 mota
198 1973 236 2034 iri
253 1973 406 2045 existimo,
427 1969 571 2048 quamdiu
591 1972 694 2038 vestra
715 1968 891 2047 prudentia,
905 1969 1031 2030 lenitate
1045 1972 1212 2046 010011111-

105 2082 178 2145 sione
207 2083 239 2143 in
270 2083 327 2143 fide
355 2082 504 2143 communi
511 2125 519 2156 ,
542 2099 619 2158 qnae
646 2079 779 2141 omnium
802 2081 938 2141 statuum
961 2083 1024 2156 est,
1046 2082 1077 2141 ct
1097 2082 1129 2141 in
1149 2102 1210 2159 qua

106 2193 163 2253 sola
193 2191 380 2254 conservatio
411 2191 509 2252 nostri
531 2209 585 2266 por
606 2208 707 2250 omnes
727 2189 896 2267 provincias
924 2191 1077 2266 consistit,
1099 2190 1213 2256 subditi

106 2301 291 2363 retineantur.
342 2302 409 2362 Hoc
440 2301 490 2362 hic
521 2301 653 2376 mordet,
680 2319 783 2360 omnes
813 2301 970 2378 profugos,
1002 2304 1034 2362 ct
1053 2302 1211 2379 praecipue

108 2428 208 2472 vanum
227 2413 323 2474 istum
343 2413 492 2474 hominem
513 2411 775 2489 Westendorpium
797 2411 935 2472 omnibus
955 2413 1072 2474 insidiis
1086 2413 1212 2475 0111011-

108 2519 202 2598 dibus,
233 2541 310 2599 quas
342 2522 453 2601 ubique
481 2522 626 2593 tendunt,
654 2520 727 2581 adeo
752 2523 840 2582 caute
857 2525 888 2582 et
909 2523 1071 2598 prudentor
1092 2522 1213 2586 avobis

109 2627 215 2691 obviam
242 2632 298 2706 iri,
330 2634 366 2692 ut
396 2632 481 2691 nulla
501 2631 578 2690 rima
597 2629 634 2690 iis
655 2630 833 2707 exequendis
855 2631 913 2690 eibi
934 2635 1046 2708 pateat.
1095 2635 1213 2697 Nihilo·

110 2738 198 2800 minus
219 2758 309 2817 snper
333 2759 385 2814 eo,
405 2740 485 2820 quod
505 2757 524 2798 a
543 2759 591 2799 me
611 2739 726 2815 petitur
746 2739 877 2800 libenter
890 2741 1037 2818 cogitabo.
1080 2742 1210 2804 80111111-

109 2845 215 2910 ficulter
240 2848 334 2910 talem
362 2849 492 2929 aliquem
519 2848 669 2909 hominem
695 2848 889 2910 inveniemus.
931 2849 1001 2909 Non
1025 2853 1144 2915 cessabo
1166 2857 1213 2915 ta·

111 2976 170 3020 meu
193 2979 245 3037 per
277 2959 351 3020 alios
383 2959 463 3020 viros
492 2959 585 3020 bonos
606 2961 637 3020 et
657 2959 772 3036 patriae
797 2963 948 3034 amantes,
970 2980 1045 3040 quos
1068 2962 1215 3038 plurimos

110 3064 151 3126 hic
174 3066 332 3139 habemns,
363 3067 524 3146 diligenter
551 3067 586 3126 de
611 3085 645 3126 eo
672 3066 840 3145 inquirere,
869 3068 940 3147 quid
964 3069 996 3127 in
1019 3070 1125 3130 castris
1144 3091 1215 3149 aga-

112 3177 167 3251 tur,
187 3197 279 3258 eaque
304 3177 448 3250 fideliter,
479 3180 515 3237 ut
535 3176 679 3238 haetenus
698 3176 771 3249 feci,
793 3179 1011 3255 perscripturus
1033 3197 1109 3239 sum.
1152 3181 1214 3242 Vos

112 3281 139 3343 in
156 3285 208 3346 hoc
228 3286 316 3346 modo
343 3285 507 3346 incumbite
540 3305 578 3346 110
602 3285 673 3364 quid
694 3285 875 3346 incommodi
898 3286 947 3348 vel
969 3289 1119 3348 tumultus
1137 3291 1219 3370 quis-

113 3391 183 3467 piam
205 3414 259 3471 per
289 3395 424 3455 internos
454 3395 556 3455 hostes
580 3394 742 3469 0101101111,
770 3396 920 3475 talemque
954 3398 1102 3458 rationem
1126 3399 1217 3459 confi-

113 3499 222 3563 ciendae
241 3500 386 3577 pecuniao
406 3499 529 3572 ineatis,
564 3519 639 3580 quae
661 3501 789 3561 subditis
810 3502 977 3563 tolerabilis
1002 3505 1118 3564 nullam
1142 3525 1213 3588 cau·¹

114 3628 170 3670 sam
195 3610 352 3672 seditionis
384 3610 537 3687 praebeat.
588 3610 702 3670 Deinde
734 3629 788 3686 pro
809 3611 909 3687 patria
930 3615 1032 3673 vestra
1051 3614 1128 3674 nihil
1149 3634 1220 3676 con-

114 3719 262 3782 ducibilius
286 3720 343 3781 hoe
369 3721 504 3795 tempore
524 3718 589 3779 ficri
609 3737 695 3795 posse
717 3718 862 3792 arbitror,
885 3739 975 3800 quam
1005 3725 1041 3783 ut
1062 3723 1170 3786 civitas
1193 3730 1225 3787 01

114 3829 170 3905 agri
184 3850 285 3892 rursus
304 3829 338 3890 in
354 3829 545 3890 concordiam
556 3834 587 3890 ct
600 3829 765 3890 amicitiam
778 3831 912 3892 redeant.
936 3830 1148 3894 Controversia
1158 3854 1219 3896 non

114 3937 222 4000 videtur
241 3938 316 4000 mihi
337 3947 399 3999 lam
421 3938 517 3999 ardua
535 3957 610 4013 osse,
633 3939 706 4018 quin
726 3939 937 4001 intercessione
951 3943 1088 4020 generosi
1099 3944 1213 4004 domini

114 4047 329 4124 gubernatoris,
352 4047 494 4110 adhibitis
511 4047 634 4109 arbitris
655 4048 771 4128 aliquot
791 4048 864 4109 viris
878 4051 1040 4112 moderatis
1062 4055 1093 4113 01
1118 4053 1223 4130 bunia,

116 4158 244 4236 componi
261 4157 366 4236 possit.
407 4156 452 4216 Ea
472 4156 677 4218 controversia
697 4156 757 4216 nisi
777 4160 973 4236 componatur
987 4179 1141 4240 nunquam
1155 4162 1224 4223 hos·

116 4265 189 4329 111111
207 4267 320 4329 nostris
343 4265 484 4327 tentandi
504 4265 631 4346 aliquid,
659 4284 718 4345 quo
742 4271 843 4328 motus
867 4272 898 4328 et
918 4268 1063 4331 factiones
1077 4271 1157 4350 apud
1170 4291 1225 4335 vos

117 4377 254 4453 excitent,
274 4376 403 4437 materia
422 4376 527 4458 deerit.

151 4484 228 4548 Bene
248 4486 316 4549 vele
339 4485 512 4546 honorande
532 4484 651 4546 domine
673 4489 704 4547 et
725 4485 828 4546 amice.

153 4592 303 4670 Coloniae,
324 4595 345 4654 4
364 4593 433 4654 dan.
456 4594 544 4654 1580.
