3028 5348
283 505 321 562 22
696 520 830 564 suenrus
857 521 984 564 suasos.

283 681 450 744 dentissimi
471 681 590 742 comitis
610 681 820 760 gubernatoris
839 682 936 742 nostri
956 680 1124 742 decernatis
1145 685 1176 741 et
1198 681 1402 761 exequamini.

282 788 329 850 Ne
353 807 513 869 gravemur
538 810 650 867 quaeso
681 811 767 852 omne
788 792 868 869 quod
887 791 1031 852 habemus
1052 791 1091 850 ad
1111 790 1260 851 libertatis
1278 791 1403 867 patriae

280 902 402 960 nostrae
423 900 683 962 conservationem
704 900 838 960 conferre
862 903 893 961 et
913 901 1100 977 impendere,
1128 919 1167 960 ne
1187 900 1214 960 si
1239 900 1277 959 ab
1299 902 1404 961 altera

282 1011 368 1085 parte
399 1001 544 1088 oppressi,
576 1027 638 1069 non
670 1011 767 1069 solum
795 1010 890 1070 vitam
922 1014 954 1070 et
984 1009 1079 1084 bona,
1101 1009 1153 1070 sed
1174 1013 1205 1071 et
1224 1010 1405 1071 libertatem

281 1135 336 1194 pro
367 1118 469 1202 literis
501 1120 613 1179 nostris
644 1119 829 1180 amittamus.
872 1117 995 1195 Optima
1019 1138 1071 1196 epe
1094 1138 1161 1180 sum
1180 1123 1211 1180 et
1232 1140 1349 1180 summa
1362 1120 1404 1178 fi-

282 1226 369 1286 ducia
389 1245 460 1306 erga
480 1228 714 1288 misericordiam
742 1223 773 1288 et
793 1228 983 1289 voluntatem
1010 1227 1145 1302 Domini,
1167 1247 1254 1304 posse
1275 1229 1405 1305 quidem

236 1405 240 1414 ¹
282 1337 383 1396 hostes
415 1339 535 1397 nostros
562 1337 708 1413 impetum
729 1338 761 1397 in
785 1356 839 1399 vos
861 1337 973 1412 faeere,
995 1355 1135 1415 magnam
1160 1337 1314 1398 hominum
1335 1338 1404 1398 ela-

280 1444 348 1504 dem
378 1449 409 1506 et
440 1465 542 1507 rerum
569 1446 783 1507 detrimentum
809 1447 925 1523 patriae
956 1451 1077 1509 nostrae
1098 1447 1222 1508 adierre.
1269 1445 1403 1525 Oportet

280 1554 375 1629 enim,
398 1559 433 1616 nt
453 1559 485 1617 et
505 1575 559 1616 nos
585 1575 711 1634 poenam
737 1557 868 1634 aliquam
889 1576 943 1633 pro
966 1557 1226 1635 peccatisnostris
1248 1557 1402 1617 sustinea-

279 1683 365 1736 mus,
398 1664 448 1724 sed
472 1667 574 1724 tamen
605 1667 736 1724 extreme
767 1665 926 1725 victoriam
957 1665 1036 1742 apud
1067 1684 1121 1726 vos
1145 1665 1288 1726 futuram.
1329 1665 1402 1725 Hoc

279 1772 378 1833 Amen
403 1776 457 1836 est.
500 1773 599 1845 Quare
621 1774 761 1835 confidite
774 1774 920 1850 Domino,
935 1778 966 1835 et
987 1775 1066 1851 quod
1080 1794 1169 1836 ouras
1183 1778 1301 1836 vestrae
1315 1793 1401 1835 oom-

279 1883 403 1942 missum
434 1887 494 1957 eet,
528 1883 687 1962 diligenter
707 1885 738 1944 et
760 1884 893 1959 fortiter,
914 1885 961 1944 uti
985 1903 1125 1961 praesens
1146 1885 1306 1945 necessitas
1326 1903 1402 1962 pos-

279 1991 375 2067 tulat,
407 1993 605 2069 exequamini.
656 1992 701 2053 De
722 1993 796 2066 hiis,
825 2012 901 2070 quae
922 1994 970 2054 hio
995 1998 1063 2055 aeta
1081 1998 1167 2070 aunt,
1188 1994 1402 2055 transmittere

279 2101 404 2178 omitto,
426 2103 497 2178 quia
517 2103 658 2181 graviora
679 2106 766 2176 sunt,
788 2122 864 2180 quae
885 2123 965 2163 nuno
985 2104 1200 2182 agitantur1):
1223 2105 1273 2166 sed
1294 2108 1403 2165 tamen

277 2212 372 2271 latere
394 2231 446 2274 vos
465 2213 551 2288 nolo,
573 2193 764 2290 nosaliquos
785 2232 820 2272 ex
839 2213 952 2273 nostris
973 2213 1180 2290 Antwerpiam
1201 2214 1239 2274 ad
1261 2212 1393 2275 Ordines

277 2321 406 2396 misisse,
438 2322 491 2398 qui
515 2341 583 2380 oum
606 2321 644 2380 iis
670 2340 759 2397 super
789 2323 855 2382 toto
884 2322 939 2382 hoe
963 2324 1178 2400 pacificationis
1200 2323 1323 2402 negocio
1344 2322 1403 2382 de·

279 2428 418 2489 liberent.
460 2429 628 2506 imperator
655 2430 733 2490 euim
762 2429 856 2503 illud,
877 2431 996 2491 etiamsi
1017 2432 1094 2490 nulli
1115 2433 1311 2492 commissarii
1332 2451 1402 2492 am·

276 2538 355 2615 plius
378 2542 551 2616 praesentes
578 2539 655 2611 sint,
676 2557 730 2599 nee
754 2539 817 2614 ipse
838 2543 956 2616 quoque
977 2539 1038 2598 dux
1062 2540 1098 2599 de
1118 2540 1210 2599 Terra
1231 2559 1311 2602 nova
1324 2559 1403 2600 eon-

278 2650 393 2711 tinuari
421 2651 504 2724 vult,
535 2650 587 2709 sed
613 2652 648 2709 ut
678 2652 780 2709 metuo
809 2650 912 2710 eodem
934 2650 1058 2711 oonsilio
1079 2669 1138 2727 quo
1161 2650 1210 2710 bio
1231 2653 1402 2712 conventus

278 2759 410 2819 indietus
436 2759 505 2818 fuit.
547 2757 627 2818 Bene
648 2759 747 2822 valete
768 2759 879 2859 'optimi
899 2762 931 2819 et
951 2759 1149 2820 amantissimi
1170 2760 1295 2820 domini.
1333 2759 1401 2818 Ro·
1504 2789 1505 2824 l

276 2869 427 2929 boramini
447 2870 478 2930 in
500 2889 534 2930 eo
555 2870 606 2946 qui
622 2869 801 2943 Sathenam,
815 2870 941 2930 mortarii
956 2871 1146 2931 otmundum
1160 2870 1251 2943 vioit,
1274 2869 1400 2929 Christo

276 2977 404 3040 Domino
427 2983 458 3040 et
478 2980 541 3040 Deo
561 2983 680 3054 nostro,
704 2981 768 3056 ejus
793 2981 916 3041 oonsilio
938 2983 969 3040 et
989 2981 1170 3059 protectioni
1190 2980 1315 3058 supplex
1339 2999 1401 3040 vos

276 3107 377 3148 omnes
397 3092 428 3151 et
447 3090 578 3168 patriam
593 3108 692 3150 meam
716 3089 920 3150 charissimam
936 3090 1118 3150 commendo.
1160 3086 1193 3148 Si
1213 3107 1274 3149 non
1291 3089 1397 3165 armiS,

275 3198 382 3259 saltem
413 3200 549 3277 preoibus
580 3200 668 3273 meis,
700 3219 776 3277 quae
805 3204 841 3260 ut
873 3219 976 3276 spero,
1009 3219 1112 3260 aarum
1142 3199 1253 3261 virium
1286 3201 1396 3271 erunt,

275 3326 402 3382 quarum
433 3309 549 3384 aliquot
577 3308 686 3369 armati
717 3308 828 3368 milites
860 3327 924 3368 esse
955 3310 1115 3384 poterunt,
1154 3326 1270 3383 semper
1300 3307 1391 3367 vobis
1503 3329 1504 3358 ι

274 3416 374 3478 adero.

316 3525 469 3601 Coloniae,
491 3527 509 3586 6
530 3526 671 3591 Decemb.
692 3529 781 3590 Anno
809 3527 857 3588 79.

270 4594 474 4615 ------·

305 4651 330 4713 1)
365 4648 396 4696 So
417 4659 455 4694 am
472 4640 554 4692 Raude
571 4639 687 4706 kerrigirt
704 4656 746 4692 aus
763 4639 869 4706 agitatis.
