3020 5360
469 507 627 550 nnuaaaro
657 507 788 551 lemur.
1131 487 1188 548 107

23 665 24 744 ᾗ
85 670 204 748 ejusdem
233 669 293 730 viri
312 668 488 729 libellus-de
508 668 683 729 adoratione
704 667 804 728 earnis
826 666 956 738 christi,
985 684 1078 744 qnam
1098 666 1192 743 negat

83 779 188 856 proprie
209 777 274 838 fieri
296 796 400 854 posse3
422 777 564 838 adversus
588 777 668 836 hune
692 776 827 837 libellum
848 775 960 835 iterum
980 792 1055 850 paro
1068 774 1108 832 ad
1122 792 1190 832 enm

82 887 307 948 confutationem
337 889 369 946 et
391 886 537 959 efficiam,
558 887 594 944 ut
614 887 741 962 cogatur
762 883 837 943 mihi
858 883 982 942 tandem
1002 881 1189 959 respondere.

81 995 219 1074 Rogarem
240 1013 352 1071 nuper,
374 997 408 1054 nt
429 993 565 1070 priorum
586 992 744 1052 literarum
765 1011 900 1052 mearum
922 990 1039 1068 eopiam
1060 991 1098 1050 sd
1118 1008 1188 1051 noe·

81 1109 135 1164 lros
164 1104 401 1177 transmittam,
434 1122 515 1162 nuno
547 1119 638 1178 rogo,
669 1104 706 1160 ut
736 1101 762 1160 si
783 1101 847 1160 fieri
871 1100 981 1176 possit,
1003 1099 1094 1158 etiam
1114 1099 1189 1158 mihi

80 1235 161 1274 unam
181 1214 293 1286 facias,
314 1231 386 1272 nam
407 1212 497 1271 nimis
518 1210 567 1271 hie
588 1209 647 1270 mei
668 1208 823 1270 scribendo
845 1211 1024 1281 onerantur,
1039 1207 1188 1288 multique

81 1327 156 1396 sunt,
176 1322 228 1402 qui
252 1323 307 1381 has
328 1321 434 1381 literas
457 1339 476 1380 a
495 1338 542 1391 me
563 1319 731 1396 postulant.
773 1317 852 1388 Quid
872 1337 958 1378 nuno,
973 1317 1006 1376 in
1026 1336 1118 1377 mann
1136 1317 1190 1377 ha-

81 1430 127 1490 beo
155 1449 258 1490 rursus
289 1429 347 1489 tibi
378 1428 620 1501 communicabo,
652 1431 743 1507 atque
764 1444 868 1487 omnes
889 1427 1010 1502 literae,
1032 1426 1189 1508 quaejam

81 1540 185 1602 absolvi
207 1540 245 1599 ad
265 1539 439 1616 episcopum
462 1537 635 1598 Lindanum
655 1538 691 1597 de
719 1521 822 1596 eodem
844 1536 1008 1615 multisque
1031 1537 1099 1596 aliis
1119 1534 1190 1595 fidei

80 1649 206 1709 articulis
226 1649 339 1725 scripta
355 1648 431 1725 (sio).
488 1639 618 1708 (lauaem
642 1665 740 1706 meam
760 1645 981 1706 Eussumanam
1001 1648 1068 1706 toto
1089 1645 1190 1706 animo

23 1777 25 1814 l
80 1756 155 1818 vobis
175 1759 359 1830 commende,
380 1777 451 1817 nam
472 1755 546 1833 opds
566 1757 662 1819 habeo
682 1756 743 1818 illis
755 1757 902 1817 reditibus
916 1756 955 1815 ad
967 1775 1015 1816 me
1029 1771 1188 1833 meamque

79 1863 214 1926 familiam
237 1867 475 1927 sustentandam.

53 1965 57 1974 ’
114 1975 191 2035 Bene
212 1976 279 2037 vale
300 1967 347 2037 uir
367 1975 591 2049 amantissime;
612 1975 715 2050 uxori,
744 1973 864 2034 domino
884 1971 1043 2033 Frederioo
1064 1972 1190 2051 aliisque

23 2083 25 2160 l
79 2085 152 2145 notis
182 2089 214 2146 et
245 2087 349 2147 amieis
385 2106 503 2147 omnem
524 2105 541 2146 a
562 2105 610 2146 me
632 2087 761 2146 salutem
781 2089 812 2146 et
834 2103 974 2145 amorem.
1016 2084 1190 2145 Admodum

79 2196 183 2271 raptim
205 2193 347 2257 Coloniae
369 2196 507 2258 Calendis
527 2195 667 2257 Octobris
690 2195 779 2256 1582.

115 2303 255 2367 Salutant
274 2305 364 2367 eliam
384 2309 416 2366 te
438 2324 540 2367 omnes
561 2306 630 2365 mei.

355 2393 360 2412 ¹
890 2413 974 2475 Tuus
994 2433 1031 2474 ex
1052 2411 1153 2475 animo

953 2524 993 2585 A.
1013 2524 1052 2586 Aa

23 3111 24 3194 i
82 3138 126 3201 62.
359 3139 521 3200 Clarissimo
542 3140 793 3220 eomultirrimoque
811 3139 869 3211 viro
892 3156 1051 3198 arnasano
1073 3157 1195 3200 seusun

315 3250 342 3309 I.
372 3251 406 3324 U.
431 3251 554 3324 ἀοσιονί,
586 3253 673 3311 amato
705 3271 754 3310 suo
776 3253 946 3310 deuorando.
987 3252 1113 3328 Euodus,
1133 3271 1196 3310 zum

317 3360 483 3420 Hemodos
504 3346 571 3420 leia
591 3362 748 3422 Prodicum
769 3377 867 3420 rousu
888 3377 949 3421 rau
970 3377 1089 3420 rrnsou.

782 3568 879 3644 Koln,
900 3569 919 3628 9
941 3565 1046 3631 Oetob.
1070 3569 1158 3629 1582.

120 3742 265 3806 Salutem.
315 3745 465 3808 Reversus
497 3747 618 3807 domum
651 3748 689 3806 ad
710 3747 833 3808 ultimas
856 3750 925 3808 tuas
945 3747 1049 3809 literas
1070 3748 1117 3808 bis
1137 3767 1201 3809 res-

83 3855 181 3930 pondi.
232 3855 350 3915 Primae
381 3874 465 3916 meae
499 3856 630 3917 directae
666 3861 738 3917 sunt
770 3859 809 3917 ad
841 3858 928 3917 aedes
962 3857 1148 3937 Marningha
1168 3857 1201 3917 in

83 3960 255 4042 Lutzbnrg,
286 3965 400 4025 alterae
433 3967 471 4025 ad
504 3965 686 4028 Olderssum.
730 3968 779 4026 Ad
806 3986 871 4041 eae,
894 3987 969 4047 quas
989 3986 1070 4028 nuno
1091 3968 1202 4028 misisti

83 4073 157 4134 nihil
177 4073 288 4147 liabeo,
308 4053 388 4152 quod
410 4074 468 4133 tibi
490 4076 673 4153 significem,
699 4095 789 4155 quam
811 4076 867 4135 hoo
888 4077 987 4152 ipsum
1014 4077 1094 4154 quod
1115 4095 1203 4153 prae·

84 4182 139 4241 aidi
159 4181 273 4242 Frisiae
294 4185 326 4242 et
345 4182 548 4244 Burmanniae
573 4184 687 4263 seripsi.
728 4188 775 4246 lla
799 4186 901 4246 ordine
922 4189 1097 4265 sequuntur.

23 4263 24 4304 ³
123 4290 181 4369 (Ex
194 4291 241 4350 lit.
256 4290 371 4369 Praes.)
387 4293 431 4352 De
446 4296 530 4353 statu
542 4295 658 4370 patriae
672 4296 771 4355 multa
784 4315 852 4356 eum
864 4313 979 4356 summo
991 4295 1092 4354 d010r0
1103 4295 1201 4356 audiO·

85 4399 169 4470 Quod
184 4401 223 4460 ad
236 4401 349 4461 bellum
362 4404 466 4462 tamen
480 4403 608 4476 attinet,
626 4420 712 4480 spero
726 4405 759 4464 in
773 4405 835 4465 dies
851 4404 951 4464 omnia
964 4404 1087 4464 mitiora
1101 4388 1131 4464 et
1145 4405 1203 4464 mi-

85 4527 157 4570 nora
170 4510 275 4570 futura
283 4555 291 4585 ,
305 4514 465 4590 postquam
480 4513 656 4590 oppidulum
670 4514 805 4574 Loehum
816 4515 970 4576 obsidione
980 4515 1141 4577 liberatum
1152 4512 1203 4589 sit,

84 4635 136 4680 nee
156 4621 255 4683 solum
280 4639 378 4682 eomes
399 4622 618 4684 Manssveldius
639 4643 707 4685 eum
730 4625 793 4686 suis
813 4626 925 4704 oopus,
949 4627 1000 4688 sed
1014 4625 1106 4691 etiam
1120 4645 1202 4686 eser-
