3020 5360
285 503 344 562 106
372 489 376 494 ’
695 517 832 561 secunus
861 517 990 560 larini.

285 696 414 757 quorum
448 679 603 739 occasione
637 679 676 737 ad
709 679 868 755 epistolam
899 678 984 736 illam
1017 677 1207 737 scribendam
1238 682 1407 739 commotus

287 806 363 848 sum.
415 784 545 847 Obsecro
576 805 615 846 ne
636 787 669 847 in
689 787 873 848 immissione
893 786 1024 862 petenda
1046 786 1218 862 quiescatis.
1260 787 1411 847 Dominus

286 894 492 956 Holtmaunus
523 894 665 974 promisit
700 894 791 968 mihi,
822 913 854 955 se
889 913 955 954 eam
980 894 1061 970 apud
1091 895 1232 955 comitem
1262 896 1410 957 visurum.

286 1002 483 1082 Legationem
505 1003 656 1080 suscipere
677 1008 743 1063 tum
766 1003 893 1064 adversa
913 1003 1055 1063 valetudo
1070 1021 1151 1077 mea,
1167 1007 1234 1063 tum
1248 1003 1327 1062 aliae
1340 1023 1410 1082 gra·

285 1112 425 1174 vissimae
456 1129 563 1171 causae
595 1110 831 1186 prohibuerunt,
863 1111 1017 1170 consecuti
1047 1114 1150 1170 tamen
1179 1112 1210 1170 id
1243 1131 1347 1172 sumus
1376 1113 1412 1172 in

287 1221 417 1281 comitiis
448 1223 572 1297 propter
604 1219 684 1296 quod
716 1220 860 1280 instituta
882 1224 963 1294 eret,
990 1238 1098 1296 nempe
1118 1219 1182 1297 regi
1203 1219 1411 1296 Hispaniuea

286 1329 423 1390 Stetibus
455 1329 577 1405 hperii
610 1329 756 1388 auxilium
784 1332 891 1389 contra
912 1347 967 1388 nos
988 1329 1107 1405 publice
1128 1329 1309 1406 denegatum
1330 1349 1411 1403 esse,

286 1438 358 1516 quia
378 1439 442 1498 sine
463 1438 594 1498 scitust
615 1439 739 1498 consilio
761 1435 815 1498 suo
835 1438 949 1498 bellum
970 1439 1117 1515 coeperit,
1146 1441 1308 1515 postquam
1328 1457 1411 1498 nnnc

287 1547 320 1606 in
340 1565 409 1606 eum
430 1549 546 1630 statum
567 1547 837 1634 devenit—nolunt
859 1564 889 1606 se
910 1547 957 1606 illi
976 1548 1165 1623 permiscere.
1206 1547 1273 1607 Hoc
1286 1567 1412 1624 respon-

288 1675 356 1717 sum
385 1657 464 1718 forte
496 1661 527 1718 et
548 1658 689 1718 comitem
711 1661 848 1718 vestrum
868 1659 1040 1735 multosque
1062 1659 1138 1718 alios
1161 1658 1317 1733 aequiores
1339 1675 1413 1734 erga

287 1783 342 1826 nos
361 1766 462 1827 faciet.
503 1765 629 1827 Utinam
651 1767 781 1827 victoria
803 1768 883 1843 apud
904 1765 1040 1827 Lochum
1053 1768 1145 1844 potiri
1158 1785 1329 1844 possemus,
1344 1785 1414 1843 spe-

287 1893 386 1935 rarem
410 1876 559 1952 paulatim
591 1877 671 1952 apud
701 1895 756 1937 noe
777 1877 931 1936 meliorem
954 1880 1079 1938 statum.
1121 1877 1169 1938 Ab
1189 1877 1324 1937 Alberda
1342 1877 1415 1935 nul-

289 1985 354 2044 lum
383 1986 515 2062 pretium
546 1985 680 2062 accipere
711 1986 813 2046 debes:
846 1987 925 2046 dono
956 1987 1054 2046 missa
1081 1990 1166 2060 sunt,
1195 1987 1276 2047 sicut
1306 1989 1338 2045 et
1359 1989 1416 2045 tua

290 2097 389 2155 antea.
430 2094 533 2156 Habes
554 2094 593 2154 ad
614 2113 717 2155 omnes
739 2099 841 2172 partes
863 2095 1008 2172 epistolae
1030 2099 1101 2155 tuae
1122 2114 1308 2172 responsum.
1330 2095 1415 2154 Bene

289 2205 356 2264 vele
377 2204 426 2264 vir
456 2204 679 2278 amantissime,
701 2205 788 2264 uxori
809 2207 881 2264 tuae
905 2223 924 2264 a
946 2204 1076 2267 Domino
1098 2205 1227 2265 sulutem
1251 2206 1283 2265 et
1307 2221 1416 2264 conso-

288 2311 444 2387 lationem.
487 2311 597 2374 Omnes
616 2315 710 2374 etiam
730 2312 791 2374 mei
811 2313 940 2374 officiose
960 2316 992 2374 te
1013 2315 1161 2375 salutant.

275 2451 282 2456 ·
330 2418 487 2491 Coloniae,
511 2419 548 2478 19
570 2418 652 2494 Sept.
674 2419 762 2478 1582.

1091 2530 1173 2589 Tuus
1195 2548 1230 2591 cx
1251 2529 1373 2603 animo,

759 2968 948 2979 -----—-

287 3197 338 3260 61.
538 3214 697 3257 arnasano
721 3213 842 3256 neurus
870 3199 932 3276 (wic
951 3200 1042 3276 voripc
1061 3201 1155 3276 Nm).

997 3405 1093 3481 ΚόΙη,
1116 3408 1132 3466 1
1154 3406 1260 3469 Octob.
1282 3409 1371 3469 1582.

321 3580 466 3643 »Salutem
481 3583 521 3660 1).
569 3581 634 3642 Hoc
659 3584 690 3643 te
716 3584 838 3642 tantum
866 3583 1055 3643 admonitum
1076 3585 1166 3647 velim
1186 3606 1234 3646 me
1255 3587 1411 3648 anto-dies

290 3691 378 3752 credo
400 3692 501 3751 decem
520 3691 624 3752 literas
646 3691 685 3751 ad
702 3694 733 3752 te
755 3692 870 3752 dedisse
891 3713 945 3776 per
957 3693 1103 3753 famulum
1118 3695 1236 3755 comitis
1250 3695 1287 3756 de
1301 3695 1411 3756 (lulen-

290 3799 384 3878 burg,
398 3800 459 3878 qui
482 3800 736 3878 adMannigham
765 3801 798 3860 in
819 3800 975 3879 Lutaburg
995 3803 1250 3877 proficiscebatur.
1292 3804 1359 3864 Illis
1374 3806 1411 3864 li·

289 3910 364 3970 teris
386 3910 531 3985 adjuncta
555 3910 614 3971 suit
635 3911 762 3986 epistola
783 3911 822 3970 ad
843 3911 1000 3971 Danaeum
1023 3912 1144 3990 scripta.
1185 3912 1244 3973 llio
1257 3915 1347 3975 homo
1360 3915 1411 3976 vel

288 4037 350 4079 non
372 4021 464 4104 audet
494 4021 568 4081 mihi
587 4022 766 4098 respondere
788 4022 836 4083 vel
855 4021 1042 4100 indignatur.
1083 4022 1238 4082 Hactenus
1260 4023 1342 4084 enim
1363 4028 1410 4084 tu·

290 4129 348 4190 lem
380 4131 563 4208 theologiam
596 4149 659 4189 non
689 4131 881 4191 audiverunt.
933 4130 981 4190 Sic
1003 4130 1083 4191 enim
1105 4151 1140 4192 ex
1159 4133 1255 4192 amico
1278 4135 1411 4210 quodam

290 4239 342 4318 qui
373 4240 470 4300 adfuit
501 4240 529 4300 ei
561 4259 597 4299 cx
617 4239 794 4315 Antwerpie
814 4239 965 4312 intellexi,
989 4241 1068 4316 quod
1087 4259 1148 4300 non
1170 4243 1314 4302 statuerit
1334 4244 1409 4303 mihi

290 4351 469 4427 respondere
491 4349 529 4408 ob
550 4369 667 4423 causas,
689 4369 762 4427 quas
784 4351 949 4426 praetexit,
981 4369 1058 4430 quae
1080 4352 1153 4411 mihi
1173 4352 1326 4412 indicatae
1347 4372 1410 4412 non

290 4465 370 4522 sunt.
411 4460 504 4519 Venit
524 4460 598 4519 mihi
618 4460 838 4520 nudiustertius
859 4461 891 4519 in
911 4479 1018 4521 manus
1039 4480 1120 4522 meas
1142 4462 1408 4540 pernitiosissimus

323 4627 348 4690 1)
384 4625 448 4675 Gens
465 4623 631 4691 cigcnh'sindig.

1127 4709 1135 4748 l
