3020 5360
313 476 351 534 88
721 491 854 534 acernus
881 491 1010 534 suarna.

312 651 465 727 dolorem,
486 670 545 728 quo
564 655 667 712 tamen
687 653 719 712 in
740 651 829 731 longe
850 651 1017 711 minoribus
1038 649 1215 728 gravissime
1230 647 1307 708 affici
1322 646 1419 708 solitus

313 779 394 833 sum,
417 761 574 833 sensorim3
596 760 721 820 videbar
742 760 821 820 enim
843 779 958 837 sempor
971 760 1003 818 in
1017 759 1116 819 animo
1132 776 1198 818 meo
1212 756 1333 832 audire,
1344 758 1419 833 justo
1476 837 1481 854 ἱ

312 868 369 930 Dei
386 869 501 945 judicio
522 870 682 929 sceleratos
704 869 839 929 homines
857 869 926 929 illos
951 869 1092 946 periisse,
1123 870 1154 928 ct
1177 867 1223 927 ita
1244 867 1340 926 adhuc
1361 885 1419 924 sen·

312 977 372 1049 tio,
398 977 593 1038 confirmante
614 977 645 1035 id
666 977 795 1038 Domino
819 997 873 1054 por
894 979 1018 1050 eventa,
1050 995 1126 1052 qnae
1149 975 1226 1036 nihil
1246 975 1418 1036 incommodi

215 1087 218 1094 '
311 1086 408 1146 adhuc
439 1085 555 1164 pat-riae
585 1087 707 1144 nostrae
738 1085 916 1145 intulerunt.
967 1085 1112 1145 Attamen
1133 1085 1168 1144 de
1189 1084 1245 1144 hac
1266 1082 1419 1143 insolentia

310 1212 372 1253 non
403 1194 500 1253 solum
533 1194 656 1269 loquor,
688 1212 764 1270 quae
782 1193 913 1260 maxima
936 1195 1039 1253 tamen
1062 1193 1143 1252 mala
1166 1191 1253 1252 nobis
1277 1192 1371 1268 parit,
1390 1193 1419 1250 et

312 1301 428 1378 majora
449 1302 585 1379 paritura
607 1307 667 1376 est,
688 1302 746 1362 nisi
770 1301 885 1384 meliori
908 1302 1067 1378 disciplina
1093 1301 1257 1361 remedium
1279 1300 1324 1359 illi
1344 1300 1418 1360 adf-

314 1413 409 1470 ratur.
452 1410 509 1470 Sed
530 1412 626 1490 magis
645 1413 751 1489 loquor
772 1413 808 1471 de
830 1411 978 1486 consiliis,
994 1412 1102 1488 quibus
1116 1413 1155 1471 ad
1169 1410 1418 1472 conservationem

313 1519 464 1580 libertatis
491 1519 657 1595 acquisitae
688 1523 719 1580 et
743 1520 781 1580 ad
809 1520 1024 1597 rempublicam
1055 1523 1191 1580 nostram
1213 1523 1295 1580 reete
1317 1519 1419 1579 consti-

313 1629 457 1688 tuendam
479 1628 605 1690 Ordines
625 1633 689 1688 tum
714 1631 866 1707 generales
886 1633 953 1689 tum
976 1630 1073 1689 nostri
1094 1631 1142 1689 uti
1156 1629 1307 1690 videntur.
1347 1628 1418 1686 Nam

311 1741 366 1797 aut
396 1758 457 1798 non
489 1738 625 1816 intelligo
658 1740 734 1813 ista,
757 1742 836 1816 quod
859 1743 930 1816 opto
955 1759 1059 1802 verum
1083 1759 1158 1815 esso,
1191 1743 1246 1801 aut
1281 1740 1419 1815 ejusmodi
1474 1727 1480 1736 ’

313 1851 398 1922 sunt,
420 1853 456 1908 ut
476 1869 582 1925 parum
605 1849 657 1908 fini
679 1850 877 1910 dedesiderio
901 1851 1048 1910 bonorum
1069 1850 1279 1925 respondeant.
1321 1849 1418 1908 Memi-

312 1959 386 2017 nisti
420 1959 507 2017 credo
538 1958 726 2046 ordinatione
756 1958 825 2029 illa,
857 1959 938 2034 apud
962 1977 1016 2049 nos
1041 1959 1213 2033 publicata,
1235 1958 1307 2034 quid
1332 1977 1365 2016 ex
1387 1975 1418 2015 ea

310 2073 376 2136 tum
398 2068 589 2143 conjecerim,
622 2088 698 2146 quae
730 2069 835 2128 dende
857 2069 1042 2145 subsequuta
1062 2073 1147 2144 sunt,
1169 2088 1217 2129 res
1237 2069 1305 2146 ipsa
1328 2071 1419 2128 osten·

310 2183 365 2240 dit.
407 2178 451 2238 At
474 2181 639 2254 uteunque
655 2197 709 2237 nos
731 2179 790 2238 alio
816 2179 979 2238 translatos
1000 2178 1035 2237 iri
1059 2178 1196 2240 videmur
1218 2199 1253 2236 ex
1275 2179 1312 2238 iis
1326 2181 1419 2238 tamen

308 2311 384 2369 quae
411 2291 491 2368 apud
512 2308 567 2349 nos
590 2293 720 2369 agantur
740 2309 801 2349 non
821 2293 895 2366 puto
919 2291 951 2348 id
976 2290 1114 2351 omnibus
1135 2289 1246 2350 serium
1266 2307 1330 2349 esse
1342 2331 1349 2361 ,
1363 2305 1417 2372 nec

309 2402 386 2475 scio,
418 2419 457 2458 an
489 2399 640 2474 expediat.
693 2399 758 2458 Hoc
788 2399 943 2459 tamenin
967 2399 1043 2459 actis
1064 2400 1233 2476 legatorum
1254 2402 1417 2458 nostrorum

308 2531 399 2588 supra
423 2513 545 2587 captum
576 2529 676 2570 meum
707 2513 768 2582 eat,
791 2528 859 2569 cum
879 2501 911 2570 id
932 2509 982 2587 agi
1003 2528 1068 2570 cum
1094 2509 1257 2570 Hcllandia
1276 2507 1418 2584 intellige·

308 2625 392 2697 rent,
411 2621 525 2683 oursel
539 2621 577 2680 ab
592 2639 627 2680 ea
640 2639 670 2680 se
685 2620 907 2698 separaverint,
922 2624 977 2681 aut
991 2622 1098 2681 saltem
1111 2620 1324 2682 resolutionem
1339 2638 1417 2682 suom

306 2750 368 2792 non
388 2731 580 2804 distulerint,
602 2730 680 2791 sieut
693 2731 827 2792 fecerunt
841 2731 974 2809 reliquae
998 2732 1169 2809 provinciae
1191 2734 1325 2818 uicinae,
1347 2733 1416 2793 ditio

305 2841 520 2917 Trajeetensis,
539 2840 764 2900 Transisulania
785 2844 816 2901 et
836 2840 945 2901 Gelria.
988 2842 1049 2902 Gur
1068 2844 1175 2902 nostra
1188 2843 1344 2919 provincia
1357 2861 1415 2903 ma·
1458 2883 1464 2891 -

308 2951 367 3011 luit
383 2950 532 3027 judicium
552 2951 748 3011 remotiorum
770 2952 993 3029 provinciarum
1015 2973 1106 3030 quam
1128 2953 1297 3014 vicinarum
1321 2952 1415 3029 sequi,

306 3061 354 3121 vel
374 3079 428 3120 eur
448 3059 543 3138 magis
565 3079 656 3138 quam
681 3061 757 3120 aliae
779 3079 847 3121 cum
871 3079 926 3122 sua
947 3062 1091 3122 electione
1112 3065 1331 3138 properarunt,
1354 3081 1415 3121 eum

304 3171 407 3230 tamen
437 3170 493 3230 hae
513 3170 594 3230 inter
619 3189 650 3230 se
674 3171 735 3229 alia
755 3169 819 3245 sine
840 3169 900 3230 alia
922 3166 1023 3232 salvae
1044 3189 1107 3231 esse
1128 3173 1303 3249 nequeant?
1344 3171 1415 3242 Quid

305 3279 337 3338 in
358 3280 534 3356 posterum?
554 3297 627 3338 num
653 3279 726 3355 quid
746 3278 897 3355 expediet,
919 3282 956 3339 ut
976 3279 1140 3340 Hcllandia
1158 3283 1189 3340 et
1202 3281 1303 3356 patria
1315 3282 1414 3340 nostra

305 3389 439 3450 diversos
471 3389 603 3450 habeant
635 3390 779 3450 dominae.
830 3387 926 3469 Perge
937 3381 986 3450 'ad
1007 3391 1082 3451 alias
1103 3391 1274 3469 provincias
1295 3389 1413 3452 vicinas.

303 3497 406 3557 Fateri
426 3496 536 3572 debeo,
568 3516 629 3557 non
655 3496 823 3577 intelligere
843 3501 984 3560 me‘baee
1006 3501 1131 3562 consilia
1150 3505 1181 3561 et
1201 3519 1260 3580 quo
1281 3520 1329 3560 res
1351 3503 1412 3560 tan·

305 3609 372 3668 dem
393 3607 497 3684 tendet
517 3610 629 3669 metuo.
670 3607 735 3668 Aut
756 3609 836 3672 Deus
861 3610 995 3688 providit
1014 3610 1051 3670 do
1065 3613 1169 3671 nostro
1184 3611 1289 3688 Belgio
1304 3611 1413 3692 aliquid

303 3717 426 3792 melius,
447 3720 483 3778 ut
503 3717 545 3776 ibi
568 3717 609 3778 sit
630 3719 817 3780 restituenda
839 3721 1102 3801 conservandaque
1117 3741 1171 3782 sua
1184 3721 1325 3799 ecclesia,
1340 3719 1413 3802 quod

303 3826 478 3907 ardentibus
499 3826 580 3889 votis
601 3828 735 3906 quotidie
758 3832 844 3906 opto,
866 3849 900 3890 ac
914 3849 1055 3908 magnam
1069 3829 1227 3890 hominum
1240 3847 1412 3910 morumque

244 3999 247 4006 ,
302 3935 502 3997 mutationem
534 3936 664 3998 incidere
698 3939 794 3998 adhue
825 3958 943 4000 necesse
976 3943 1038 4014 eat,
1070 3944 1124 4001 aut
1153 3941 1259 4016 rejecit
1282 3942 1411 4020 regiones

301 4047 421 4104 nostras
452 4045 548 4120 Deus,
580 4049 611 4106 et
642 4046 839 4108 fundamenta
858 4050 969 4128 ubique
991 4052 1076 4128 jacta
1096 4051 1199 4126 video,
1222 4053 1330 4133 quibus
1351 4069 1412 4126 per-

301 4153 400 4231 petuis
430 4154 517 4216 bellis
549 4157 763 4218 concutiamur.
825 4160 1011 4222 Miserrimus
1044 4166 1142 4224 status
1162 4165 1251 4226 hodie
1272 4168 1409 4228 eeclesiae

244 4303 248 4312 ·
302 4266 363 4338 cst,
394 4263 419 4324 si
439 4266 527 4327 modo
548 4269 595 4327 est
616 4269 739 4327 externa
759 4268 877 4348 aliqua,
899 4271 1050 4332 internam
1071 4292 1133 4334 esse
1156 4293 1273 4352 semper
1293 4295 1408 4338 necesse
1483 4331 1484 4356 ,

301 4379 361 4446 est,
392 4374 424 4433 in
452 4393 512 4454 qua
530 4375 648 4436 nullum
669 4378 848 4455 prophetam
868 4379 1030 4458 habemus,
1049 4384 1101 4463 qui
1121 4385 1207 4446 nobie
1227 4385 1325 4449 dicere
1347 4406 1409 4465 pos·

1477 4406 1484 4464 'l

301 4481 343 4543 sit
351 4527 359 4558 ,
374 4477 527 4563 usquequo
542 4485 644 4544 omnia
658 4486 755 4547 adhue
768 4487 864 4566 magis
879 4489 917 4550 ad
931 4483 990 4568 maj
995 4509 1075 4552 orem
1090 4495 1309 4573 uastationem,
1325 4515 1409 4578 quam
1479 4479 1483 4544 «j

302 4591 341 4650 ad
361 4593 599 4655 emendationem
620 4596 732 4658 servire
753 4597 901 4663 uidentur.

1479 4565 1483 4719 l
