3020 5360
271 475 311 532 66
680 483 816 526 ΔῦῦΑΒΰδ
845 484 975 530 ALBADA·

270 652 300 712 A
320 647 460 719 caeteris,
493 665 569 724 quae
595 645 633 705 ad
654 644 910 722 dispensationem
929 647 1143 723 mysteriorum
1162 648 1218 709 Dei
1238 653 1270 710 et
1290 653 1394 714 effica-

270 779 335 820 cem
365 754 522 833 apostolici
547 753 680 813 muneris
700 755 882 829 potestatem
903 754 1057 830 pertinent
1077 755 1195 816 tamdiu
1215 757 1391 836 abstinere,

269 869 362 928 donec
393 867 425 925 et
454 863 513 941 ipsi
543 862 651 938 majori
671 860 786 922 virtute
807 881 842 920 er
863 862 926 921 alto
950 862 1052 922 induti
1072 865 1121 924 vel
1143 864 1280 926 ulteriori
1300 887 1391 930 man·

269 979 341 1038 dato
368 973 510 1035 instructi
536 974 567 1032 et
592 971 721 1047 populns
748 989 801 1048 per
825 970 1042 1046 poenitentiam
1058 971 1088 1048 1)
1112 991 1274 1050 veramque
1296 977 1391 1037 fidem

269 1086 309 1146 ad
339 1082 484 1160 mysteria
516 1080 573 1139 Dei
603 1077 794 1156 percipienda
823 1081 1020 1155 praeparatus
1050 1083 1082 1140 et
1104 1083 1230 1144 idoneus
1250 1086 1391 1148 redditus

269 1193 384 1254 firiseet.
424 1191 466 1252 Et
486 1207 558 1249 sane
581 1189 614 1246 in
634 1187 723 1248 initio
744 1188 833 1264 hujus
854 1187 1039 1249 visitationis
1059 1190 1116 1250 Dei
1136 1209 1198 1250 non
1219 1192 1279 1253 alia
1292 1213 1390 1271 mens,

269 1321 331 1363 nen
353 1301 430 1360 alins
460 1298 647 1370 intellectus,
678 1314 733 1357 nec
754 1295 815 1355 alia
836 1295 979 1358 voluntas
1000 1316 1103 1359 eorum
1123 1299 1198 1375 fuit,
1220 1303 1272 1378 qui
1296 1305 1390 1380 primi

269 1409 357 1472 nobis
376 1407 484 1468 faciem
505 1407 544 1466 ad
563 1406 655 1467 istam
674 1405 889 1482 paedagogiani
910 1407 1135 1483 praetulerunt,
1150 1409 1229 1486 qued
1243 1429 1279 1471 ex
1292 1413 1390 1490 scrip·

270 1520 324 1592 tis,
355 1537 432 1594 quae
461 1517 528 1576 turn
558 1515 597 1575 ab
627 1515 700 1592 ipsis
727 1515 810 1574 edita
834 1517 921 1589 sunt,
942 1515 1031 1575 facile
1052 1517 1251 1579 demonstrari
1273 1523 1389 1597 potest.

141 1672 143 1678 η
271 1629 330 1690 Sed
361 1627 537 1688 succedente
568 1626 745 1699 securitate,
777 1624 941 1685 ambitione
960 1629 992 1686 et
1012 1627 1217 1702 contentione,
1241 1632 1328 1689 extra
1349 1630 1389 1689 li-

269 1739 358 1800 mites
377 1737 544 1800 vocationis
565 1754 636 1796 snae
656 1734 781 1812 quidam
800 1738 1029 1811 processerunt,
1050 1740 1218 1798 asserentes
1237 1738 1295 1798 sibi
1309 1739 1389 1800 illud

269 1867 393 1924 munus,
425 1847 475 1908 cni
493 1865 549 1907 nec
568 1845 626 1923 ipsi
647 1845 748 1905 idonei
771 1847 858 1905 erant
880 1844 1134 1921 administrando,
1155 1866 1210 1908 nec
1231 1847 1389 1910 auditores

269 1957 321 2033 iis,
351 1975 428 2036 qnae
458 1958 499 2017 ad
527 1956 605 2016 illud
625 1955 824 2031 pertinerent,
842 1954 1039 2032 suscipiendis
1059 1974 1162 2032 pares;
1192 1957 1237 2017 ita
1257 1959 1388 2034 accidit,

67 2056 72 2065 ’
163 2115 169 2128 .
269 2069 305 2127 ut
335 2067 438 2129 vivum
468 2068 500 2128 et
519 2067 675 2125 aeternum
709 2064 900 2143 evangelium
930 2065 1101 2125 eorumdem
1132 2084 1237 2142 opera,
1258 2087 1389 2144 quorum

269 2175 463 2237 ceremoniale
492 2173 682 2251 pontificium
709 2173 845 2249 patefieri
875 2175 906 2232 et
921 2173 1040 2234 destrui
1060 2178 1212 2251 coeperat,
1232 2180 1390 2238 mortuum

271 2289 303 2347 et
333 2285 513 2361 temporale,
543 2283 661 2343 literato
693 2282 807 2342 scilicet
837 2283 868 2341 et
899 2282 1082 2343 elementare
1105 2283 1219 2344 factum
1239 2285 1294 2357 sit,
1317 2286 1389 2346 sub-

269 2394 354 2454 tilius
383 2393 503 2470 quidem
533 2390 631 2467 priore
662 2390 715 2449 illo
745 2389 899 2467 pontificio
930 2392 1099 2470 evangelio,
1122 2393 1173 2452 sed
1193 2394 1273 2471 quod
1294 2413 1390 2472 aeque

269 2504 335 2578 luce
354 2505 387 2563 et
407 2501 522 2563 virtute
543 2498 675 2576 Spiritus
695 2498 798 2560 Sancti
819 2499 1018 2575 destituatur,
1038 2501 1099 2560 imo
1113 2521 1149 2561 ex
1162 2520 1222 2578 quo
1236 2503 1387 2578 paulatim
1487 2525 1488 2534 ³

269 2611 495 2690 periculosiores
527 2627 659 2681 errores,
691 2610 722 2668 et
753 2609 869 2684 majora
898 2627 999 2670 coram
1020 2610 1083 2671 Deo
1104 2611 1181 2672 vitia
1202 2612 1389 2674 exoriantur.

269 2721 475 2781 Nihilominus
506 2738 541 2781 ex
571 2719 672 2799 gratia
703 2718 761 2778 Dei
789 2720 902 2780 multoe
929 2718 1077 2781 Dominus
1108 2726 1266 2784 conservat
1298 2727 1330 2784 et
1352 2726 1388 2786 de
1486 2749 1487 2768 ἢ

269 2850 348 2893 novo
371 2831 496 2903 excitat,
518 2830 571 2908 qui
594 2829 760 2906 primorum
784 2829 1013 2890 reformatorum
1036 2832 1173 2910 vestigiis
1196 2833 1388 2909 insistenteS,

268 2940 486 3017 ministeriique
507 2940 553 3001 sui
573 2958 719 3000 memores
738 2938 822 3000 intra
845 2939 982 3014 ejusdem
1003 2940 1117 3002 limites
1136 2942 1319 3017 consistant,
1333 2963 1389 3021 po·

269 3050 340 3127 pulo
361 3048 488 3110 fideliter
512 3050 661 3124 majorum
682 3055 854 3108 nostrorum
875 3048 1102 3124 superstitiones
1122 3050 1283 3128 detegant,
1308 3052 1387 3113 vitia

268 3180 322 3238 per
351 3160 448 3239 legem
478 3163 510 3221 st
539 3160 660 3220 literam
693 3158 841 3236 evangelii
873 3161 995 3234 notent,
1026 3159 1190 3220 remedium
1210 3159 1243 3219 in
1265 3159 1385 3221 Christo

268 3271 432 3348 explicent,
453 3271 492 3330 ad
519 3269 755 3346 poenitentiam,
776 3267 865 3328 fidem
883 3268 917 3328 in
936 3268 1051 3345 ipsum,
1073 3270 1112 3328 ad
1129 3270 1386 3348 regenerationem

269 3381 391 3458 ejusque
412 3378 573 3439 efficaciam
593 3377 675 3439 viam
695 3378 874 3436 monstrent.

308 3489 367 3550 Sed
387 3507 532 3568 quorsum
558 3487 632 3546 haec
652 3485 692 3545 ad
712 3486 760 3557 te,
782 3486 834 3562 qui
853 3484 942 3562 longe
963 3484 1071 3545 melius
1090 3484 1151 3546 ieta
1172 3504 1191 3545 a
1210 3487 1316 3548 multis
1333 3507 1386 3548 an-
1483 3521 1484 3544 ι

268 3599 316 3660 nis
347 3597 529 3677 cognovisti,
560 3613 653 3674 quam
684 3613 738 3673 ego
770 3593 880 3654 referre
912 3596 1040 3671 queam?
1081 3594 1152 3655 Non
1173 3613 1245 3656 sane
1266 3596 1327 3657 alia
1350 3599 1386 3658 de

269 3727 375 3784 causa,
406 3725 497 3786 quam
528 3725 597 3766 cum
627 3724 662 3766 ex
693 3705 789 3766 literis
808 3705 870 3765 tuis
894 3704 1165 3765 animadverteram
1186 3705 1385 3769 dissentiones
1482 3755 1483 3762 ,

269 3821 415 3898 quasdam
438 3818 591 3897 religionis
612 3815 734 3876 nemine
757 3816 837 3892 apud
862 3834 915 3875 vos
936 3813 1063 3887 exoriri,
1085 3815 1262 3876 mmeneam
1282 3820 1314 3878 et
1337 3836 1385 3877 ro·

268 3948 337 4008 gem
367 3931 414 4004 te,
444 3929 481 3988 ut
513 3927 593 3988 circa
615 3926 690 3987 istas
717 3924 916 3985 dissentiones
941 3923 1105 3999 prudenter
1126 3926 1331 3987 atmoderate
1354 3931 1385 3987 te

268 4040 394 4112 habeas,
426 4055 485 4115 quo
526 4038 671 4117 cujusque
702 4033 904 4114 ministerium
936 4033 1042 4094 tendat
1064 4032 1219 4108 observes,
1239 4036 1273 4095 in
1293 4055 1328 4096 eo
1348 4054 1384 4096 ne

269 4166 440 4230 quenquam
461 4147 636 4224 pertmbes,
660 4144 709 4205 vel
730 4144 769 4204 ab
792 4143 948 4203 audiendis
970 4143 1008 4202 iis
1032 4143 1199 4220 deterreas,
1226 4147 1307 4225 qnod
1328 4145 1384 4207 tibi

268 4259 417 4321 Dominus
436 4257 566 4334 amplius
591 4255 674 4316 dedit
698 4273 766 4314 cum
786 4253 913 4314 lenitate
938 4252 1071 4330 Spiritus
1095 4253 1339 4346 Sanctisimbutis
1354 4257 1384 4315 et

175 4354 178 4362 ’
268 4369 383 4429 idoneis
413 4366 627 4438 communices,
659 4363 828 4425 subservias
857 4363 949 4423 etiam
977 4364 1010 4423 in
1031 4363 1086 4440 iis,
1117 4383 1194 4444 quae
1214 4366 1295 4427 bona
1313 4383 1383 4427 con·
1479 4417 1480 4420 ,

269 4513 474 4530 Μ

304 4594 332 4659 1)
366 4591 533 4659 Eigenhimdig
550 4588 667 4656 turrigirt
682 4604 726 4641 eur
745 4586 896 4656 patientiam.
