3028 5348
474 499 515 542 sn
535 499 702 545 narurnros
721 499 850 544 rr1s1nn.
1095 559 1100 571 x
1179 483 1218 543 25

94 663 258 723 occurrunt
289 659 363 741 quid
388 660 437 721 hic
460 662 548 724 nobis
568 662 723 736 videatur,
750 681 910 741 suggeram
934 663 966 722 et
988 659 1152 739 significem
1168 661 1216 738 1),

94 771 145 832 scd
171 773 310 833 vestrum
341 771 401 830 erit
433 789 468 832 ee
499 771 538 831 ad
571 774 686 832 statum
707 791 808 832 rerum
829 771 947 848 patries
970 768 1016 830 ite
1037 768 1164 848 dirigere
1184 773 1215 830 et

94 883 313 957 attemperare,
338 882 456 940 utnon
481 880 556 954 elio,
585 899 677 960 quum
698 881 726 939 ei
750 879 819 955 fini,
840 880 926 956 cujus
945 879 1045 958 mutia
1062 879 1216 956 preposite

94 992 181 1063 sunt,
203 988 344 1050 serviant.
387 988 469 1059 Quae
489 989 584 1065 enim,
606 1009 697 1069 quam
711 989 839 1052 maxime
851 989 943 1050 soluti
954 991 985 1050 et
995 986 1213 1068 tranquillitati

94 1097 212 1174 patriae
235 1101 410 1177 vestraeque
430 1099 568 1174 prodesse
596 1101 756 1175 poterunt,
778 1118 814 1159 ea
836 1117 890 1162 vos
912 1098 1019 1160 melius
1041 1097 1099 1173 ibi,
1121 1115 1213 1173 quam
1246 1105 1254 1130 ⁸

93 1226 149 1269 nos
173 1207 207 1267 iu
230 1207 386 1281 hocloco,
408 1209 460 1285 qui
480 1208 516 1268 do
535 1208 598 1269 illis
616 1227 670 1285 per
690 1228 744 1272 ros
767 1210 908 1272 certiores
927 1210 1030 1288 non2)
1050 1205 1213 1283 reddimur,

94 1317 278 1396 perpendere
299 1318 426 1394 potestis
452 1321 508 1379 etc.

137 1427 176 1486 14
202 1427 272 1487 Dec.
299 1428 434 1504 15793).

133 1536 166 1612 4)
190 1535 238 1596 Sic
249 1536 310 1597 tale
321 1555 438 1614 quoqne
450 1539 509 1612 est,
524 1535 604 1612 quod
617 1536 704 1596 modo
714 1536 848 1598 indicare
867 1537 975 1612 debeo;
996 1537 1127 1599 relatum
1139 1535 1214 1598 mihi

93 1647 142 1706 est
152 1664 171 1704 a
183 1645 248 1706 viro
261 1645 319 1705 fide
329 1645 433 1724 digno,
445 1647 596 1706 nostrates
609 1645 755 1723 quosdam
775 1645 808 1706 in
822 1647 954 1726 quodam
966 1647 1032 1708 loco
1045 1647 1097 1707 ubi
1111 1664 1214 1708 omues

93 1758 271 1832 praesentes
294 1754 352 1814 sibi
376 1755 511 1816 addictos
533 1773 596 1816 esse
618 1756 786 1831 putebant,
820 1758 921 1832 palem
943 1756 1069 1834 dixisse,
1091 1775 1110 1817 a
1129 1759 1216 1835 parte

93 1883 151 1924 sua
172 1869 253 1924 stare
277 1865 371 1926 trium
393 1868 566 1926 nostrarum
590 1864 705 1925 arcium
728 1865 902 1941 praefectos.
944 1867 981 1927 Id
991 1867 1016 1926 si
1027 1885 1132 1928 verum
1146 1868 1211 1940 est,

93 1974 208 2037 videtis
229 1974 260 2034 in
285 1979 399 2051 quanto
421 1975 554 2052 periculo
583 1978 613 2036 et
637 1993 690 2036 vos
711 1978 742 2036 et
766 1978 834 2036 tota
854 1976 954 2054 patria
975 1978 1079 2038 nostra
1105 1976 1217 2037 consti·

94 2089 167 2151 tute
203 2085 263 2146 sit:
295 2104 350 2164 ogo
381 2088 485 2146 tamen
515 2085 547 2145 id
571 2085 683 2145 felsum
708 2103 770 2146 esse
795 2085 927 2146 arbitror
950 2088 981 2147 et
1000 2088 1159 2164 propterea
1179 2084 1218 2144 ab

93 2194 158 2254 illis
179 2195 327 2274 confingi,
348 2199 384 2256 ut
404 2195 619 2272 dissensionem
641 2213 660 2255 a
679 2195 765 2257 robis
780 2198 812 2257 et
824 2195 862 2256 ab
876 2197 1075 2258 universitate
1087 2195 1217 2256 faciant:

95 2304 295 2365 nihilominus
318 2305 349 2365 id
373 2324 426 2367 vos
441 2306 538 2365 celare
559 2323 621 2365 non
643 2305 745 2378 debui,
769 2307 805 2365 ut
825 2325 913 2382 super
927 2324 961 2366 eo
976 2304 1149 2385 diligentius
1163 2320 1218 2365 vos

96 2414 256 2492 cogitetis,
277 2417 308 2475 et
329 2413 355 2474 si
379 2415 447 2490 quis
467 2417 566 2475 metus
589 2414 654 2490 ejus
677 2413 723 2474 rei
745 2413 865 2475 nomine
887 2415 968 2493 apud
991 2433 1046 2476 vos
1066 2414 1115 2476 vel
1143 2413 1218 2474 alios

96 2524 222 2584 haereat
243 2523 282 2583 eb
302 2524 415 2585 illustri
429 2525 538 2584 comite
551 2524 751 2602 gubernatore
765 2526 868 2584 nostro
883 2524 1025 2586 adversus
1038 2523 1219 2601 periculum,

96 2633 181 2710 quod
211 2599 378 2694 inde⁰tum
410 2634 466 2694 sihi
497 2636 564 2694 tum
594 2632 680 2695 vobis
702 2636 733 2693 et
753 2634 893 2711 reliquis,
915 2634 967 2713 qui
988 2653 1023 2695 ex
1044 2634 1103 2693 fide
1125 2633 1220 2712 ipsius

97 2741 248 2820 pendent,
269 2742 424 2804 imminere
445 2746 564 2819 posset,
586 2743 779 2804 securitatem
798 2743 932 2821 aliquam
955 2743 1132 2819 impetretis.
1162 2741 1221 2801 Sed

96 2853 154 2913 hoc
187 2855 336 2913 secretum
367 2853 447 2929 apud
474 2873 528 2914 vos
558 2855 695 2926 maneat,
728 2852 808 2913 sieut
839 2855 871 2914 et
894 2852 954 2913 alia
988 2872 1064 2928 qnae
1085 2852 1219 2928 ejusdem

97 2980 329 3040 nonnumquam
354 2963 498 3024 momenti
520 2963 677 3024 scribenda
697 2961 845 3023 incidunt.

140 3070 280 3146 Domini,
306 3073 355 3132 hie
375 3092 479 3133 rumor
500 3073 575 3146 fuit,
606 3073 722 3150 equites
747 3071 832 3133 ducis
852 3071 934 3132 Erici
953 3070 1118 3136 ,adventare
1138 3071 1220 3147 jam,

97 3180 195 3242 etiam
220 3182 364 3258 quosdam
384 3182 524 3243 Rhenum
545 3183 713 3259 trajecisse,
734 3180 786 3242 sed
806 3181 950 3241 hactenus
969 3198 1073 3240 rumor
1090 3179 1148 3241 iste
1170 3198 1222 3242 va·

96 3309 159 3351 nus
187 3289 256 3352 luit.
297 3291 395 3369 Major
417 3295 515 3353 metus
540 3292 576 3352 de
597 3291 753 3370 equitatu,
775 3311 864 3369 quem
886 3291 971 3351 ducit
995 3289 1177 3366 Gurtsbaoh,
1196 3289 1221 3350 si

97 3401 125 3460 is
163 3388 304 3463 ordinum
325 3403 460 3484 partium
492 3421 554 3464 esse
579 3401 709 3463 desierit.
760 3403 806 3462 Ex
833 3400 985 3478 superiore
1005 3399 1167 3461 Germania
1187 3399 1223 3460 de

97 3530 182 3574 novo
205 3511 354 3586 adfertur,
376 3513 637 3592 congregationem
657 3513 743 3574 illam
766 3511 922 3573 Gallorum
943 3530 1020 3591 quae
1033 3512 1064 3589 5)
1072 3513 1138 3589 jam
1151 3512 1223 3571 ante

102 3621 186 3681 circa
209 3620 446 3700 Argentoratum
467 3623 588 3684 haerere
610 3622 781 3695 dicebatur,
803 3642 906 3684 rursus
926 3621 1034 3698 majori
1053 3639 1177 3681 numero
1189 3638 1224 3681 eo

100 3730 275 3792 convenire.
316 3730 461 3792 Similiter
482 3727 660 3792 Oasimirum
682 3751 712 3792 se
734 3732 772 3790 ud
795 3751 905 3792 novam
926 3731 1223 3808 expeditionemoum

99 3861 153 3902 sex
186 3840 319 3901 millibus
351 3843 486 3918 equitum
513 3861 707 3920 praeparare,
739 3860 800 3901 uon
827 3861 862 3901 er
886 3841 1026 3902 ordinum
1047 3841 1150 3917 jussu,
1171 3840 1224 3899 sed

100 3951 153 4013 vel
187 3950 308 4028 reginae
340 3950 468 4030 Angliae
499 3951 549 4012 vel
582 3952 667 4011 ducis
693 3950 857 4012 Alenoonii.
897 3950 965 4010 Huc
986 3950 1079 4010 ctiam
1098 3949 1173 4009 ellat

105 4100 304 4111 ——nu-e

137 4149 166 4211 1)
201 4147 231 4196 In
257 4149 270 4198 b
294 4147 375 4214 folgen
392 4144 430 4198 die
450 4148 546 4198 Worte:
570 4147 649 4213 qualia
666 4146 740 4198 etiem
758 4145 801 4196 illa
821 4144 929 4211 proxime
945 4144 1045 4194 fuerunt
1056 4143 1085 4192 de
1096 4140 1225 4193 evocandis

100 4243 258 4294 nostratibus
266 4243 310 4295 hae
320 4244 409 4295 militia
420 4248 447 4294 et
458 4245 487 4294 de
498 4244 607 4296 custodie
619 4242 767 4309 quorundam
781 4245 826 4294 ete.
839 4241 881 4291 sed
893 4257 922 4291 ea
933 4242 1042 4290 vestrum
1054 4242 1133 4291 estt..

139 4342 170 4404 2)
207 4343 286 4400 „non”
302 4341 489 4407 eigenhiindiger
506 4343 591 4394 Zuratz
611 4340 724 4391 Alendus
741 4339 768 4388 in
775 4355 800 4390 a.

143 4437 172 4501 8)
208 4453 255 4490 von
270 4439 383 4490 Albede’s
400 4439 480 4490 Hand.

141 4537 172 4598 4)
208 4532 261 4582 Von
282 4531 335 4582 hier
353 4547 384 4581 un
400 4547 444 4580 aus
460 4532 482 4583 b.

144 4633 174 4699 5)
210 4629 297 4680 Aetius
319 4629 426 4681 schreibt
445 4628 493 4693 qui.
