3020 5360
266 573 324 634 126
391 536 399 558 Ι
681 589 815 634 seorsus
842 591 970 656 manos.

266 751 346 812 saria
376 753 462 813 nobis
488 753 594 813 nostra
624 753 818 829 procurabit,
850 753 938 813 modo
971 771 1041 813 eum
1072 757 1137 814 toto
1166 755 1254 814 corde
1276 755 1386 815 timea-

267 880 334 923 mus
365 862 396 921 et
428 861 598 940 diligamus.
651 863 745 933 Quem
765 863 841 921 mihi
861 863 893 921 in
915 863 1044 923 scribam
1065 864 1296 937 commendasti,
1318 865 1386 941 ejus

268 971 419 1047 scriptura
450 971 524 1030 mihi
554 971 586 1030 in
619 975 729 1031 neutra
758 972 863 1048 lingua
893 971 1056 1046 satisfacit3
1087 976 1133 1033 est
1160 976 1191 1033 et
1212 974 1289 1033 alter
1309 974 1387 1033 mihi

267 1080 461 1140 alioentieto
494 1082 617 1158 Eppaoo
633 1081 662 1157 1)
692 1080 724 1140 in
745 1079 917 1141 Olderssum
939 1083 1180 1154 commendatum
1213 1082 1299 1158 cujus
1320 1102 1386 1141 ma-

266 1207 324 1249 nus
349 1189 455 1248 metior
477 1192 538 1264 est,
571 1189 623 1265 qui
644 1194 690 1248 est
713 1210 747 1249 er
769 1189 885 1249 familia
908 1189 1070 1262 Ouenders,
1092 1191 1127 1249 de
1148 1191 1212 1266 ojus
1232 1192 1332 1250 aetate
1354 1194 1387 1250 et

267 1298 367 1357 indole
400 1298 514 1374 aliquid
545 1297 619 1356 mihi
650 1299 793 1358 indicato.
844 1299 966 1358 Mallem
996 1300 1076 1360 enim
1105 1301 1272 1359 nostratem
1292 1320 1386 1376 quam

269 1404 470 1481 Germanum,
491 1407 579 1466 modo
598 1407 739 1466 idoneum
753 1409 862 1467 habere
874 1427 989 1484 queam.
1031 1409 1112 1468 Bene
1125 1409 1207 1483 vale,
1220 1409 1268 1468 vir
1282 1427 1388 1468 aman·

267 1513 398 1586 tissime,
430 1516 461 1573 et
493 1514 582 1572 uxori
617 1533 652 1574 ac
673 1514 775 1575 liboris
798 1534 915 1575 omnam
936 1535 954 1575 a
974 1536 1022 1576 me
1042 1519 1170 1577 salutem
1191 1519 1222 1576 et
1243 1535 1388 1576 amorem.

269 1619 348 1698 Opto
378 1623 415 1680 ut
445 1623 522 1682 alter
552 1623 640 1682 alteri
669 1623 702 1682 in
722 1624 777 1683 hac
799 1625 1038 1702 peregrinatione
1062 1629 1164 1687 vostra
1184 1626 1385 1686 consolationi

269 1729 346 1790 sicis.
388 1731 495 1791 Gratia
516 1733 638 1791 Domini
658 1733 732 1792 Jesu
754 1739 899 1811 perpetuo
921 1736 1001 1796 adsit
1021 1737 1114 1798 vobis.

310 1839 517 1915 Francosurti,
538 1841 647 1902 ultimo
668 1843 772 1928 Martii
796 1843 883 1902 1583.

1069 1951 1151 2011 Tuus
1171 1972 1205 2010 ex
1227 1952 1329 2014 animo

1148 2058 1187 2117 A.
1209 2059 1247 2118 A.

676 2839 834 2881 REMBERTO
855 2839 987 2880 donans.

905 3055 1084 3128 Frankfurt,
1108 3055 1124 3112 1
1147 3054 1234 3130 April
1257 3053 1346 3114 1583.

306 3295 451 3354 Salutem.
494 3293 605 3370 Scripsi
634 3289 855 3353 nudiustertius
877 3291 914 3349 ad
937 3294 967 3350 te
988 3310 1041 3366 por
1061 3291 1202 3350 nuntium
1224 3292 1387 3366 quendam.

266 3405 343 3463 Item
367 3402 404 3461 ad
425 3377 603 3480 generosum
624 3401 764 3460 comitem
786 3399 956 3457 Johannom
980 3402 1010 3458 et
1031 3399 1069 3457 ad
1084 3418 1203 3458 uxorem
1220 3400 1333 3459 domini
1349 3401 1387 3458 ab
1425 3459 1426 3462 ,

265 3514 407 3572 Eussum.
458 3511 576 3568 Harum
607 3511 765 3568 literarum
794 3509 894 3584 copias
926 3500 1006 3566 nunc
1038 3510 1230 3580 transmittO,
1253 3512 1289 3567 ut
1310 3511 1388 3568 sciat

267 3621 438 3680 Fridericus
459 3623 575 3692 noster,
600 3619 673 3693 quid
693 3619 814 3694 utrique
835 3618 1058 3692 responderim,
1079 3621 1111 3676 et
1132 3619 1204 3692 quid
1224 3622 1326 3692 petam
1348 3619 1386 3677 ab

155 3797 161 3806 ἱ
268 3729 404 3805 utrisque
435 3729 508 3787 fieri.
563 3728 649 3798 Quod
682 3727 708 3786 si
738 3727 814 3786 nihil
834 3746 869 3785 ex
891 3727 938 3786 his
960 3726 1161 3801 impetravero
1183 3730 1249 3785 tum
1275 3746 1327 3787 oro
1349 3748 1388 3788 ne

269 3838 395 3898 desistat
415 3857 469 3916 pro
490 3838 632 3914 justiciae
653 3836 914 3896 administratione
937 3836 1067 3910 instare,
1096 3855 1186 3912 quam
1208 3854 1295 3911 spero
1316 3837 1387 3894 illu-

269 3948 447 4008 strissimam
468 3947 655 4024 Dignitatem
678 3946 742 4020 ejus
764 3944 839 4002 mihi
856 3963 918 4003 non
939 3963 1001 4004 esse
1015 3945 1245 4021 denegaturam,
1258 3943 1297 4004 vne
1311 3945 1387 4003 mihi

301 4145 325 4207 1)
361 4143 478 4207 Georgius
501 4143 586 4213 Eppcn
606 4139 732 4204 empfiehlt
751 4138 798 4187 den
818 4138 884 4187 Sohn
905 4137 948 4187 des
970 4138 1107 4203 Groninger
1119 4138 1249 4188 Patrioiers
1261 4139 1386 4189 Bernhard
1487 4139 1490 4148 ’

267 4240 371 4299 Genera,
398 4238 484 4288 dassen
512 4237 587 4286 Vater
611 4235 699 4285 Albert
726 4235 830 4293 Genera,
848 4233 943 4282 Konsul
960 4233 987 4282 in
1008 4234 1147 4298 Groningen
1169 4250 1226 4285 war.
1261 4235 1386 4284 Beruhsrd

267 4336 358 4385 Genera
377 4334 443 4383 lebts
464 4332 499 4382 als
517 4332 669 4381 Verbannter
688 4330 714 4378 in
736 4328 855 4394 Uphusen
875 4328 914 4377 bei
930 4327 1031 4378 Emdcn.
1066 4329 1120 4377 Von
1137 4328 1191 4378 dem
1208 4328 1386 4392 Empfohlcnsn

267 4432 373 4482 schreibt
398 4431 484 4495 Eppcn
509 4445 547 4477 om
573 4427 604 4478 17
631 4424 702 4490 April
728 4439 758 4472 an
780 4423 901 4472 Aekema:
922 4422 1083 4481 „Adolescens
1101 4424 1175 4472 bonae
1193 4422 1283 4472 indolis
1304 4427 1344 4473 est
1360 4427 1385 4472 et

267 4527 403 4584 modestus,
421 4524 502 4572 nescio
522 4538 580 4571 num
601 4520 746 4585 vigesimum
764 4517 851 4568 aetatis
866 4532 956 4566 annum
972 4515 1137 4580 impleverit.”

300 4622 354 4686 vgl.
372 4621 509 4678 Gebbcma,
526 4619 643 4684 epistolae
664 4633 688 4683 p.
706 4615 763 4668 764.

299 4719 384 4781 Eppen
401 4714 517 4764 adressirt
538 4729 569 4762 cn
588 4712 694 4762 Aekcnra
713 4709 846 4770 „Graeflich
863 4707 1040 4758 Oistirieschen
1063 4707 1277 4758 Commissarien.”
