3028 5348
264 521 283 579 2
543 537 700 582 ursouasus
721 537 761 581 su
782 539 840 581 eux
860 538 1099 583 concrememur.

305 695 370 757 Hoo
400 716 481 758 nune
505 699 662 760 manifeste
686 702 772 776 patet
791 717 845 776 per
865 699 1117 774 transactionem,
1138 717 1215 775 quae
1235 699 1315 761 inter
1335 718 1383 760 re·

268 823 336 882 gem
357 808 388 866 et
408 806 636 869 Hannonienses
656 827 717 868 uua
733 826 802 869 oum
821 806 1067 869 Arthesiensibus
1087 807 1169 868 faeta
1189 810 1250 882 est,
1275 807 1384 885 quibus

268 914 454 974 intermediis
487 919 622 977 avertere
653 936 684 977 se
716 916 838 977 Gallum
857 935 942 992 posse
964 916 1118 977 existimat
1137 920 1169 978 et
1194 915 1306 978 bellum
1328 917 1385 976 mi·

269 1021 336 1082 nori
361 1028 484 1101 sumptu
512 1028 618 1087 eontra
640 1025 771 1103 reliquas
794 1025 965 1104 provincias
986 1026 1134 1105 persequi.
1147 1028 1177 1104 1)

309 1131 408 1209 Hujus
424 1133 468 1194 rei
487 1133 693 1195 firmissimum
713 1134 838 1213 praebet
857 1138 1083 1213 argumentum,
1108 1135 1188 1212 quod
1208 1154 1269 1197 uon
1289 1135 1385 1197 solum

268 1259 305 1302 ex
330 1241 453 1303 oonsilio
474 1243 694 1322 Hispanorum,
716 1245 768 1304 sed
788 1244 880 1305 etiam
896 1263 932 1305 ex
945 1244 1069 1305 oonsilio
1081 1247 1111 1304 ot
1123 1243 1270 1305 desiderio
1281 1263 1385 1304 eorum

269 1349 321 1427 qui
342 1351 435 1411 tacite
458 1354 559 1432 partes
579 1352 700 1412 illorum
720 1356 752 1414 et
774 1353 823 1412 hio
844 1357 876 1413 et
895 1353 928 1412 in
948 1348 1052 1431 Belgio
1073 1353 1192 1426 forent,
1212 1352 1385 1429 Trajeotnm

273 1459 409 1536 superius
431 1459 584 1521 obsidione
605 1461 737 1522 sinotum
757 1463 895 1522 omuibus
905 1461 1020 1524 viribus
1035 1465 1105 1522 aute
1116 1464 1297 1522 conventum
1307 1462 1387 1522 huno

270 1571 477 1647 oppugnatum
509 1569 566 1646 sit,
596 1589 630 1630 eo
663 1573 825 1648 oeoupato,
846 1570 923 1631 nihil
942 1589 1003 1632 non
1020 1572 1168 1648 putarunt
1188 1588 1220 1630 se
1240 1569 1278 1630 ab
1299 1567 1388 1630 Ordi-

269 1676 358 1737 nibus
385 1676 571 1738 obtenturos.

310 1786 451 1848 Alterum
481 1791 692 1866 argumentum
722 1790 769 1848 eet
799 1787 996 1866 particularia
1027 1787 1187 1861 mandata,
1219 1805 1297 1865 quae
1326 1805 1387 1846 nou

227 1874 229 1884 ¹
271 1896 368 1956 solum
391 1896 577 1970 Parmensis,
606 1898 658 1958 sed
682 1900 713 1958 et
744 1897 796 1956 alii
823 1897 914 1958 duces
937 1899 968 1957 et
988 1895 1102 1956 nobiles
1129 1895 1258 1970 habent,
1276 1894 1405 1982 ¹quibus=

271 2008 420 2066 conantur
439 2025 515 2067 unas
538 2007 707 2085 provincias
729 2007 767 2066 ab
788 2006 855 2066 aliis
880 2024 1028 2083 separare.

309 2115 465 2194 Cogitetur
488 2113 580 2173 etiam
603 2113 651 2173 hio
672 2113 775 2189 quales
799 2112 949 2190 prinsipes
970 2111 1048 2186 siut,
1068 2111 1120 2188 qui
1141 2111 1179 2172 ad
1204 2111 1284 2172 hune
1309 2113 1389 2173 truo-

270 2227 371 2285 tatum
391 2224 479 2284 eleoti
500 2226 532 2283 et
553 2222 703 2283 commissi
723 2225 803 2283 stunt.

306 2334 370 2394 Neo
392 2335 493 2410 potest
516 2333 574 2392 hoe
586 2333 665 2410 regis
677 2332 863 2409 propositum
887 2311 1106 2393 etinstitutum
1119 2330 1211 2390 ullius
1222 2329 1388 2406 impietatis

269 2444 301 2503 et
321 2440 490 2518 injusticiae
511 2441 661 2512 accusari,
686 2460 741 2501 neo
760 2444 898 2518 speratus
913 2443 1038 2502 eventus
1053 2439 1245 2515 Majestatem
1257 2439 1321 2516 ejus
1334 2437 1390 2498 fel·

270 2553 347 2627 lere,
369 2552 396 2612 si
417 2550 496 2629 quod
516 2550 603 2610 uobis
625 2549 746 2627 objicit,
768 2569 873 2612 verum
894 2553 956 2624 est,
977 2569 1028 2608 uos
1048 2551 1201 2608 uousolum
1214 2551 1389 2608 eouuuMo-

263 2666 392 2738 jestuteru
411 2662 498 2738 parus
524 2663 574 2720 sed
592 2671 618 2720 et
642 2662 698 2720 Dei
719 2661 823 2738 Optimi
841 2661 964 2720 Mauimi
981 2661 1134 2736 deliquisse.

310 2770 347 2831 In
378 2771 434 2830 hae
466 2769 615 2832 sententia
645 2774 676 2831 et
703 2789 758 2850 ego
786 2791 852 2841 sum
876 2773 908 2830 et
927 2768 980 2846 qui
1003 2768 1135 2845 penitius
1156 2788 1191 2828 ex
1212 2787 1389 2846 quoeunque

268 2884 355 2960 parte
381 2883 458 2942 hano
483 2901 547 2942 rem
577 2875 692 2943 meeum
719 2880 966 2952 considerabunt,
995 2879 1112 2939 eosdem
1134 2897 1252 2956 quoque
1277 2877 1305 2938 si
1326 2877 1405 2965 suis

270 2989 459 3067 opinionibus
490 2989 665 3050 satisfacere
693 2990 818 3063 volunt,
838 3005 958 3048 neeesse
980 2990 1040 3062 est,
1061 2989 1194 3065 valjam
1215 3005 1279 3048 esse
1299 2985 1388 3046 istius
1423 3056 1425 3058 ¹

269 3098 455 3175 sententiae,
476 3101 524 3160 vel
547 3099 669 3159 tandem
695 3098 815 3159 ineam
838 3097 906 3158 illos
927 3097 1140 3158 descensuros,
1171 3095 1388 3173 Quareoperae

267 3209 399 3286 pretium
423 3210 484 3284 est,
507 3208 743 3281 consideremus,
763 3227 802 3266 ou
821 3209 906 3265 ullum
926 3217 1050 3266 uestrum
1078 3208 1184 3276 foetum
1204 3205 1256 3279 sit,
1280 3223 1314 3264 eu
1334 3224 1388 3282 quo

268 3320 311 3379 rei
328 3319 487 3378 alterutrius
508 3318 665 3396 Majestatis
685 3319 726 3378 vel
746 3318 855 3377 divinae
873 3319 916 3380 vel
934 3319 1071 3375 dumauoe
1090 3335 1109 3373 a
1131 3333 1193 3392 repe
1211 3315 1327 3392 coargui
1347 3315 1389 3374 vel

269 3429 394 3488 couviuoi
405 3429 554 3504 perrierus.

310 3537 354 3598 De
376 3537 478 3598 divina
497 3537 581 3618 prius
599 3556 703 3616 agam,
729 3535 764 3597 de
785 3536 917 3596 humana
938 3534 1054 3596 deinde.

309 3646 405 3708 Nemo
430 3627 497 3725 pius
518 3649 570 3726 qui
591 3667 680 3709 usum
699 3647 870 3725 primitivae
892 3647 1032 3706 ecelesiae
1052 3664 1115 3706 non
1135 3645 1272 3724 ignorat,
1301 3646 1333 3704 et
1356 3643 1388 3702 in

268 3757 406 3836 patribus
427 3758 649 3835 aliquantulum
670 3759 807 3820 versatus
832 3760 894 3831 est,
927 3774 1037 3834 negare
1057 3757 1174 3832 potest,
1199 3757 1269 3814 ante
1291 3770 1386 3812 annos

268 3867 306 3926 50
332 3867 485 3928 eeclesiam
508 3885 569 3926 non
590 3867 687 3927 solum
708 3865 773 3926 vita
793 3867 824 3925 et
842 3865 975 3925 moribus
995 3864 1158 3924 deformem
1178 3862 1289 3937 fuisse,
1304 3861 1385 3938 quod

199 3976 201 3979 ’
268 3976 382 4036 malum
402 3974 489 4034 hodie
510 3975 607 4035 adhue
628 3973 733 4046 durat,
757 3973 809 4033 sed
830 3977 861 4033 et
884 3974 995 4033 multos
1017 3972 1128 4032 abusus
1150 3975 1181 4032 et
1203 3950 1335 4044 errores,
1348 3987 1386 4028 ne

269 4085 340 4160 quid
375 4086 472 4144 dicam
507 4085 645 4162 gravius,
676 4084 709 4142 in
736 4101 801 4143 eum
822 4083 992 4159 irrepsisse,
1019 4101 1095 4160 quae
1123 4079 1332 4142 emendatione
1357 4080 1388 4138 et

268 4195 469 4257 illustratione
492 4213 566 4272 opus
587 4193 769 4254 habuerunt.

307 4304 453 4383 Coeperat
487 4308 553 4365 tum
586 4307 704 4381 tempus
737 4302 941 4382 ignorantiae,
972 4320 1031 4380 quo
1059 4299 1203 4361 Dominus
1227 4297 1265 4358 ad
1287 4298 1387 4357 errata
1452 4356 1456 4364 ,

264 4414 409 4493 quaedam
429 4413 588 4475 connivere
609 4413 700 4490 solet,
722 4413 902 4490 praeterire,
925 4414 956 4472 at
975 4414 1094 4487 tempus
1114 4405 1305 4470 revelationis
1318 4423 1408 4475 suo·¹

301 4655 326 4717 l)
345 4656 431 4707 Dieser
452 4655 541 4708 Absutz
560 4656 627 4708 steht
644 4673 682 4709 om
704 4653 796 4709 hudo.
