3020 5360
279 507 339 566 124
692 523 827 567 rosanus
857 524 987 578 aaaron.

281 683 376 744 Porro
408 683 456 743 dio
484 687 592 745 octavo
615 684 749 760 ejusdem
769 686 879 744 mensis
898 685 968 745 Jan.
990 684 1045 745 sub
1066 688 1186 746 noctem
1207 686 1325 762 saepius
1347 687 1402 745 de-

282 775 413 868 liqaium
432 793 525 853 animi
545 792 732 872 patiebatur,
754 813 881 872 cumque
904 794 980 854 bora
993 796 1011 853 2
1025 795 1125 856 noctis
1145 795 1307 868 foeminae,
1322 813 1402 872 quae

282 905 349 961 tum
369 899 552 978 vigilabant,
573 918 620 960 me
644 900 826 960 excitassent
850 902 1017 961 metuentes
1030 919 1068 960 no
1082 901 1264 977 exspiraret,
1285 901 1402 961 accessi

224 1068 233 1084 ,
284 1011 315 1068 ct
345 1025 407 1066 una
437 1007 530 1067 etiam
561 1006 641 1066 lilius
668 1025 763 1067 meus.
805 1005 852 1066 Ibi
873 1027 941 1068 eum
962 1008 1122 1085 aliquoties
1144 1008 1236 1070 verba
1256 1009 1310 1068 illa
1329 1027 1405 1085 pro·

283 1115 477 1176 nunciarem:
522 1115 667 1175 »Domina
688 1115 763 1176 lesu
783 1116 899 1193 suscipe
920 1115 1060 1192 spiritum
1080 1117 1201 1177 meum’'
1223 1120 1254 1178 et
1273 1116 1405 1192 similia,

283 1243 516 1303 quaereremque
537 1244 572 1282 ex
594 1242 646 1299 e0,
677 1243 717 1284 an
737 1243 799 1285 non
823 1224 984 1284 Dominum
1003 1224 1108 1310 Jeeum
1127 1228 1316 1302 praesentem
1335 1244 1405 1286 sen-

283 1334 357 1395 tiret
376 1333 409 1392 in
429 1332 518 1393 cordo
539 1350 611 1406 suo,
633 1331 788 1392 annuebat
811 1335 842 1393 et
863 1333 1079 1409 complicsbat,
1103 1334 1323 1410 attollebatque
1337 1351 1405 1393 rna·

282 1461 340 1503 nus
371 1459 442 1501 suas
473 1441 506 1500 in
527 1439 642 1515 altum,
664 1439 787 1500 tandem
806 1440 901 1516 jussit
921 1459 951 1501 ss
972 1441 1047 1520 erigi
1067 1445 1099 1503 et
1119 1441 1317 1519 apprehendit
1336 1460 1406 1501 ma-

281 1571 355 1611 num
385 1570 484 1611 meam
514 1549 667 1608 dexteram
700 1567 754 1608 sua
784 1567 876 1609 manu
908 1549 1046 1624 dextara,
1069 1554 1100 1612 et
1119 1571 1242 1612 manum
1266 1552 1322 1612 filii
1342 1553 1406 1614 mei

283 1661 454 1735 dexteram,
486 1657 539 1734 qui
570 1656 674 1718 stabat
705 1656 744 1715 ab
771 1657 867 1716 altero
898 1657 993 1717 latera
1022 1677 1076 1718 sua
1096 1659 1236 1735 sinistra,
1258 1663 1289 1721 et
1310 1661 1405 1722 motis

281 1769 419 1830 nonnihil
438 1767 550 1841 labris,
570 1765 654 1842 loqui
675 1765 756 1825 enirn
778 1785 839 1825 non
859 1769 997 1843 poterat,
1018 1769 1198 1843 quaerebam
1213 1789 1249 1830 ex
1262 1790 1314 1845 ao,
1327 1789 1405 1831 num

282 1898 337 1940 nos
370 1877 489 1938 Christo
521 1873 652 1934 Domino
683 1873 936 1948 commendasset,
957 1875 1121 1936 annuebat.
1162 1875 1278 1937 Deinde
1301 1879 1407 1940 detra-

282 1988 374 2048 hebat
405 1987 482 2048 collo
513 1984 675 2062 imaginem
707 1981 833 2056 Christi,
865 2001 942 2058 quaa
971 1983 1083 2044 donata
1103 1984 1149 2044 illi
1169 1985 1270 2046 fuerat
1290 1987 1365 2047 olim
1387 2007 1407 2048 a

281 2099 347 2160 viro
368 2097 440 2157 Dei:
468 2113 626 2171 uunquam
656 2093 738 2153 enim
759 2091 845 2151 illam
868 2084 900 2151 iu
921 2092 1025 2153 morbo
1047 2111 1066 2152 a
1085 2095 1162 2154 collo
1183 2113 1237 2155 suo
1259 2096 1407 2174 deposue-

281 2211 348 2282 rat,
379 2225 469 2283 quam
502 2202 628 2262 subinde
649 2200 843 2262 osculabatur
863 2221 898 2263 ac
918 2201 1049 2263 habente
1067 2203 1132 2280 jam
1152 2204 1184 2264 in
1205 2223 1318 2278 manu,
1339 2205 1406 2266 foe·

282 2317 381 2396 minae
407 2315 541 2374 astantes
575 2314 642 2388 (nos
671 2309 751 2370 enim
775 2310 863 2370 ambo
885 2330 957 2388 prae
978 2311 1141 2388 lachrymis
1162 2298 1246 2388 loqui
1266 2331 1328 2373 non
1348 2333 1408 2390 po·

282 2426 428 2501 teramus)
461 2422 662 2500 quaerebant,
695 2441 734 2480 an
765 2420 839 2478 mihi
869 2420 955 2480 illam
976 2421 1081 2481 datam
1101 2421 1209 2494 vellet,
1231 2421 1401 2495 renuebat,

284 2535 335 2595 sed
366 2532 528 2609 respiciens
559 2530 597 2589 ad
628 2531 725 2588 filium
757 2531 803 2587 illi
832 2549 898 2588 eam
918 2528 1105 2608 porrigebam
1126 2533 1232 2608 postea
1253 2530 1286 2589 in
1306 2531 1407 2608 digite

283 2661 337 2703 suo
369 2641 509 2701 annulari
540 2638 704 2716 quaerebat
724 2641 870 2698 annulum
891 2659 994 2712 suum,
1015 2659 1105 2715 quem
1124 2627 1160 2699 e'x
1181 2639 1279 2700 tribus
1296 2641 1406 2718 parvis

283 2750 404 2810 annulis
428 2749 597 2809 confectum
617 2750 735 2826 gestare
757 2748 891 2820 solebat,
913 2746 963 2807 sed
984 2747 1010 2806 is
1033 2747 1184 2808 exciderat
1198 2748 1301 2828 ¹digito
1327 2768 1406 2825 suo,

281 2859 442 2922 ridebatur
462 2860 526 2936 ejus
548 2857 640 2917 animi
661 2877 736 2932 osso,
760 2861 794 2916 ut
815 2877 883 2916 eum
904 2857 978 2916 mihi
992 2857 1088 2918 daret.
1110 2857 1277 2935 'Relapsus
1291 2858 1405 2918 deinde

281 2971 313 3030 in
334 2970 498 3046 deliquium
520 2968 614 3027 animi
634 2967 773 3027 recubuit
793 2970 824 3026 et
844 2967 889 3025 itu
910 2967 1085 3027 conflictans
1106 2947 1284 3028 tum'morte
1301 2968 1408 3044 jacuit

281 3099 376 3156 usque
409 3080 447 3138 ad
477 3078 599 3138 tertiam
631 3077 737 3137 horam
768 3076 1020 3152 pomeridianam,
1041 3075 1088 3135 his
1110 3077 1210 3137 verbis
1233 3074 1419 3155 plerunque

282 3193 385 3250 utens:
420 3187 503 3248 »Ach
524 3187 616 3258 Hcrr,
648 3186 713 3245 Aah
734 3185 814 3244 Horr
833 3185 941 3258 Jesu,'’
964 3185 1045 3245 circa
1064 3188 1232 3246 extremum
1253 3187 1344 3247 finem
1368 3188 1404 3248 in

267 3299 347 3379 ipso
371 3298 457 3375 quasi
480 3299 633 3357 momento
665 3295 772 3355 mortis
794 3295 983 3371 complicatis
1006 3297 1037 3355 et
1059 3295 1186 3355 sublatis
1207 3297 1349 3357 manibus
1371 3300 1408 3359 in

284 3410 414 3481 coelum,
436 3407 545 3466 leniter
566 3405 747 3483 exspirabat,
800 3405 903 3464 Tertio
924 3404 973 3463 die
994 3424 1102 3482 corpus
1123 3406 1188 3481 ejus
1208 3407 1332 3466 honeste
1356 3427 1408 3468 se-

282 3518 450 3596 pelivimus.
501 3516 619 3590 Habes,
650 3515 698 3576 vir
730 3514 951 3589 amantissime,
982 3513 1117 3575 breviter
1147 3519 1179 3575 et
1206 3516 1345 3576 morbum
1372 3521 1409 3578 et

283 3630 411 3687 mortem
440 3624 587 3684 Johannis
617 3623 729 3697 nostri,
761 3643 837 3701 quaa
868 3624 932 3684 sine
960 3623 1066 3683 multis
1086 3624 1250 3701 lachrymis
1271 3625 1407 3687 scribere

282 3755 344 3796 non
365 3735 469 3813 potui,
490 3733 651 3811 eademque
671 3736 708 3794 ut
727 3732 873 3793 fratribus
896 3733 990 3808 ipsius
1012 3735 1104 3808 atque
1125 3733 1215 3794 etiam
1237 3733 1326 3798 tratri
1344 3738 1407 3795 tuo

283 3846 404 3906 domino
426 3843 556 3904 Samusli
576 3843 689 3903 indices
712 3861 784 3922 rogo
806 3845 862 3902 ete.

323 3953 480 4028 Coloniae,
503 3953 541 4014 12
562 3953 632 4013 Jan.
656 3952 743 4011 1583.
