3020 5360
537 538 578 582 sn
599 537 722 582 mama.
1149 521 1187 586 87

21 703 22 708 ’
85 717 130 758 eae
158 698 275 773 literas,
307 715 382 774 quas
413 697 494 758 hisce
522 698 626 759 diebus
653 699 691 758 ad
713 696 879 775 praesidem
901 700 1039 759 nostrum
1062 697 1185 774 scripsi,

86 825 206 886 rogoque
227 807 259 867 id
279 806 379 883 ipsum
400 824 419 866 a
439 809 486 879 to,
508 784 652 884 quodibi
673 805 711 866 ab
734 805 797 883 ipso
818 807 899 867 circa
917 806 1007 866 finem
1026 806 1189 882 postulavi.

84 915 228 977 'Sollicitus
253 935 320 976 sum
352 917 388 976 de
410 915 551 976 libertate
572 915 690 993 patriae
711 933 811 990 meae,
834 917 1029 992 optaremque
1049 933 1098 976 res
1118 932 1187 975 nos·
1224 886 1231 910 Ι

21 1033 22 1040 ’
85 1027 143 1084 tras
168 1043 235 1084 cum
266 1023 375 1086 vostris
407 1041 579 1084 communes
612 1041 693 1099 esse,
723 1023 803 1085 sicut
833 1040 888 1084 nec
916 1041 980 1083 ona
1011 1023 1074 1084 sine
1095 1022 1193 1083 altera

85 1132 161 1194 salsa
182 1151 245 1192 esse
266 1134 376 1208 potest.
419 1131 469 1192 Ita
489 1135 607 1206 tamen,
628 1151 667 1192 ne
690 1135 722 1192 et
740 1149 795 1193 vos
815 1133 934 1193 vestrae
955 1130 1090 1192 libertati
1109 1131 1188 1190 ullas

85 1239 200 1299 insidias
222 1238 300 1298 strui
327 1237 503 1314 patiamini,
534 1238 587 1297 sed
608 1237 690 1297 illins
711 1237 858 1313 paradoxi
881 1239 1026 1314 perpetuo
1047 1254 1193 1310 memores

84 1349 161 1422 sitis,
190 1347 289 1425 quoad
322 1348 464 1410 naturam
495 1345 592 1424 ipsam
623 1365 709 1420 eum,
737 1345 789 1422 qui
811 1345 890 1407 vidit
910 1365 1005 1406 unnm
1027 1344 1193 1424 principem

83 1455 174 1517 videre
206 1475 324 1529 ornnes,
356 1455 464 1515 deinde
495 1454 528 1514 in
552 1454 641 1514 modo
662 1453 816 1525 tractandi
840 1451 997 1529 subditos,
1018 1473 1054 1514 ex
1078 1455 1194 1524 duabus

84 1564 143 1624 istis
170 1563 345 1624 nationibus
376 1581 468 1622 unam
497 1563 625 1623 altarem
645 1580 707 1622 non
728 1580 878 1638 superare.
918 1561 985 1622 Imo
1004 1562 1037 1623 in
1054 1563 1193 1642 justitiae

21 1683 31 1706 ³
83 1672 335 1733 administratione
377 1670 543 1747 Hispaniae
579 1669 787 1732 Germanicam
819 1670 917 1732 vincit
932 1671 973 1748 1).
1034 1671 1116 1743 Quae
1146 1691 1194 1734 res

21 1817 22 1866 l
83 1782 193 1859 utrique
223 1783 360 1841 nostrum
392 1779 467 1840 satis
499 1780 621 1858 cognita
648 1783 713 1841 est:
746 1779 880 1856 alioquin
901 1780 1001 1856 quoad
1036 1797 1194 1856 porsonam

21 1879 23 1944 l
83 1891 171 1966 ipsam
202 1891 330 1965 attinet,
363 1907 415 1950 oro
436 1907 455 1949 a
475 1890 555 1964 Deo,
586 1892 623 1950 ut
655 1908 690 1950 ex
719 1883 877 1952 volontate
897 1888 992 1967 ipsius
1013 1908 1075 1950 non
1095 1890 1192 1950 solum

21 2033 23 2080 ;
85 2002 196 2071 vester,
217 1999 269 2059 scd
291 2001 323 2060 et
343 1998 438 2059 totius
459 1998 558 2077 Belgii
578 1999 637 2058 dux
656 1998 720 2058 fiat.
764 1997 823 2059 Sed
841 1998 914 2059 haec
937 1996 1021 2060 satis.
1063 1997 1147 2060 Vale.

21 2101 22 2178 ἶ
118 2107 269 2184 Coloniae,
291 2109 328 2168 25
350 2106 530 2170 Novembris
551 2125 632 2170 anno
655 2107 762 2194 1581.Ι

540 2682 581 2724 ΔΙ)
603 2680 736 2728 ntalem.

783 2859 879 2934 Koln,
900 2859 940 2922 80
960 2859 1037 2924 Nov.
1061 2861 1149 2923 1581.

21 3087 22 3090 ¹
120 3063 262 3125 Salutem.
304 3065 363 3126 Res
385 3065 451 3142 ipsa
472 3066 621 3140 ostendit,
634 3084 696 3127 non
709 3065 845 3128 homines
858 3083 913 3127 noa
928 3066 1009 3126 tueri
1022 3068 1074 3127 sed
1087 3068 1194 3144 Deum,

87 3175 129 3233 oui
151 3175 271 3236 lenset
292 3173 561 3254 gratiarumactio
586 3176 805 3262 intaeternnm.
827 3176 934 3238 Amen.
976 3175 1080 3237 Abeo
1102 3176 1195 3238 etiarn

87 3271 242 3361 tempore,
261 3301 321 3361 quo
353 3284 474 3362 ponitus
507 3284 680 3346 idololatria
712 3285 866 3362 pontificia
896 3285 977 3364 apud
1006 3303 1061 3347 nos
1094 3304 1197 3349 eversa

88 3391 158 3469 trit,
179 3411 265 3472 spem
287 3412 322 3454 ao
342 3393 482 3454 fiduciam
503 3393 535 3454 in
556 3393 656 3454 animo
678 3411 744 3454 meo
765 3394 904 3472 concepi,
924 3396 1077 3472 uteunque
1095 3395 1196 3474 affligi,

87 3503 176 3574 premi
199 3522 235 3564 ac
255 3504 406 3565 coarctari
430 3503 596 3580 possimus,
617 3521 679 3565 non
699 3506 802 3565 temen
825 3522 947 3582 prorsus
967 3522 1123 3584 oppressos
1142 3522 1197 3566 nos
1223 3549 1229 3559 .

88 3611 136 3686 iri,
167 3631 202 3674 ae
233 3614 266 3674 in
295 3633 404 3674 manus
432 3613 632 3674 crudelissimi
660 3614 758 3675 hostia
789 3617 996 3692 perventuros.
1037 3614 1075 3676 In
1095 3616 1197 3676 eadem

88 3737 134 3797 spe
165 3743 201 3785 ac
228 3724 338 3785 fiducia
359 3725 456 3786 adhoc
478 3744 563 3801 snm,
584 3725 664 3803 quod
689 3725 728 3786 ad
748 3725 866 3787 hostem
889 3727 1016 3800 attinet,
1036 3725 1087 3787 sed
1108 3726 1226 3787 vene-1
1285 3721 1287 3726 ⁴

88 3836 200 3894 menter
218 3834 327 3894 haereo
348 3851 384 3895 ec
403 3833 551 3895 sollicitus
573 3853 656 3908 sum,
678 3852 716 3894 ne
737 3833 870 3910 nosipsi
890 3835 977 3896 nobis
1000 3853 1062 3896 non
1080 3835 1198 3894 minora

88 3944 179 4018 mala,
210 3961 301 4024 quam
330 3961 406 4020 qnae
434 3942 474 4002 ab
494 3944 579 4004 hoste
603 3943 766 4018 timentur,
787 3943 960 4005 inieramus.
1001 3944 1071 4006 Non
1090 3944 1198 4021 loquor

89 4049 179 4111 solum
199 4051 236 4112 de
254 4051 432 4128 insolentia,
454 4069 514 4130 que
533 4051 620 4112 miles
640 4054 745 4112 noster
764 4052 881 4128 utitur,
903 4070 979 4128 qnae
1000 4055 1103 4113 tamen
1116 4053 1196 4114 into-

87 4155 214 4220 lerabilis
240 4161 273 4220 in
306 4159 361 4224 Dei
387 4164 549 4238 conspectu
573 4179 636 4222 sese
663 4161 800 4239 videtur,
822 4162 859 4220 de
880 4179 940 4237 qua
959 4179 992 4222 re
1013 4164 1045 4222 et
1064 4162 1137 4224 clim
1158 4162 1197 4222 ad

87 4264 301 4330 Niennordium
333 4271 438 4348 scripsi
470 4289 504 4331 eo
536 4271 671 4347 praedixi
701 4271 748 4330 illi
777 4273 883 4332 motus
911 4271 1014 4331 eadem
1045 4289 1136 4332 cause
1166 4270 1198 4330 id

88 4374 234 4456 lntnrnm,
256 4380 337 4458 quod
356 4399 436 4443 nnnc
457 4381 548 4442 militi
568 4381 632 4459 ejus
653 4381 799 4462 sociisque
828 4381 935 4460 Anglis
956 4379 1088 4442 evenisse
1109 4380 1198 4440 intel-

87 4483 153 4564 ligo.
206 4475 266 4549 Ac*
281 4490 382 4551 nescio
416 4489 469 4567 qui
490 4489 605 4552 foetum
629 4489 741 4568 luerit,
761 4490 841 4576 quod
863 4509 898 4552 ex
922 4508 957 4552 ea
978 4490 1061 4551 clade
1080 4489 1199 4552 nullum

92 4599 286 4616 ὓ*

118 4653 142 4718 l)
176 4655 402 4720 Randbemerlmng.
