3028 5348
313 519 352 578 42
724 536 858 581 eeeeuus
885 535 1013 581 iuuene.

313 714 371 774 gen
399 696 462 757 und
491 695 570 757 mieh
601 653 634 757 iu
664 697 817 759 derselben
847 699 940 776 genet
970 696 1032 756 und
1062 697 1139 758 liebe
1159 696 1320 789 dieuetlieh
1346 715 1424 774 emp-

314 805 448 866 felleudt.
820 882 823 889 Ι

354 915 467 975 Datum
488 913 562 975 Ooln
583 933 633 975 am
654 920 753 978 ersten
774 914 950 989 Februarii,
972 933 1051 978 anne
1074 915 1163 980 1580.

777 1215 966 1228 —n———unt—-fl

698 1445 738 1488 au
760 1442 873 1486 tamum
893 1441 1047 1486 leuatum.

1037 1601 1132 1677 Keln,
1155 1605 1171 1663 1
1194 1604 1281 1665 Febr.
1304 1603 1391 1663 1580.

358 1783 503 1846 Salutem.
554 1783 656 1844 Unum
686 1785 748 1858 est,
768 1783 817 1843 vir
837 1779 1059 1854 amantissime,
1081 1782 1153 1860 quia
1172 1801 1220 1842 me
1241 1783 1341 1861 ipsum
1362 1799 1429 1842 aon·

316 1897 428 1972 cernit,
463 1896 521 1957 tibi
542 1894 599 1955 seli
618 1894 786 1954 indicatum
812 1893 897 1968 vele,
926 1894 962 1952 tu
983 1891 1090 1952 deinde
1110 1891 1232 1954 domine
1252 1891 1429 1968 Kammingu

318 2007 348 2064 et
371 2003 542 2076 Mecium,
567 2002 616 2064 vel
637 1987 747 2082 quibus
769 2003 925 2079 praeterea
945 2019 1000 2077 pro
1021 2000 1202 2061 discretione
1225 2005 1281 2062 tua
1300 2019 1375 2078 epus
1387 1999 1430 2059 est

316 2113 533 2175 communicare
555 2111 684 2190 peteris,
705 2114 737 2172 et
758 2113 804 2170 eet
816 2111 902 2170 illud.
944 2108 1020 2170 Cum
1034 2111 1160 2188 singulis
1174 2110 1337 2187 provinciis
1351 2109 1431 2168 terta

316 2241 448 2295 summe,
469 2241 560 2300 quam
584 2221 621 2279 ad
646 2220 827 2280 solutionem
851 2218 963 2279 decreti
988 2219 1075 2278 nobis
1103 2219 1257 2280 honorarii
1279 2217 1430 2280 contribu-

315 2350 364 2392 ere
385 2330 528 2404 debeant,
554 2329 693 2405 injuncta
715 2327 770 2402 sit,
797 2326 903 2397 deiude
927 2344 996 2404 ege,
1018 2327 1097 2387 sieut
1118 2330 1150 2388 et
1171 2327 1223 2386 alii
1244 2327 1384 2406 quidam,
1399 2327 1432 2384 ut

316 2459 351 2500 ex
383 2425 527 2515 adjuueta
559 2437 681 2497 scedula
696 2437 744 2512 1),
775 2454 851 2515 quae
884 2455 919 2494 ex
943 2436 1072 2513 epistola
1091 2436 1205 2497 demini
1225 2435 1352 2496 Adriani
1374 2453 1431 2497 van

315 2549 369 2608 der
398 2547 502 2623 Mylan
531 2545 683 2621 descripta
714 2547 778 2618 est,
811 2544 850 2604 ad
883 2544 1068 2621 provincias,
1090 2565 1218 2624 quarum
1243 2544 1364 2606 nomine
1386 2543 1431 2603 hie

314 2635 715 2734 comperuimuesremiseus
736 2655 809 2728 sim,
830 2656 865 2714 ut
886 2655 924 2713 ab
947 2654 985 2714 iis
1006 2655 1187 2715 solutionem
1212 2657 1348 2715 nostram
1364 2629 1429 2712 *exi-

312 2783 435 2844 gamuS,
467 2766 626 2841 propterea
647 2782 681 2823 ee
700 2781 802 2844 taen,
824 2779 883 2840 que
906 2761 1039 2840 alioquin
1064 2781 1211 2822 summam
1232 2761 1318 2822 vobis
1337 2761 1431 2820 indie·

314 2877 393 2947 tam,
415 2873 506 2954 quam
530 2893 566 2933 ex
589 2871 778 2933 ordinatione
800 2873 936 2931 statuum
960 2871 1036 2930 1500
1062 2870 1128 2930 Gar.
1153 2890 1215 2931 esee
1236 2871 1375 2944 invenio,
1395 2867 1430 2929 ad

314 3002 381 3044 eum
403 2982 493 3042 finem
514 3001 659 3059 exponere
684 2984 715 3041 et
736 2981 857 3040 mittere
884 2979 998 3053 vultie;
1019 2979 1080 3040 nisi
1101 2978 1181 3038 enim
1194 2979 1241 3039 ite
1253 2979 1350 3040 faeere
1364 2997 1432 3057 pre·

314 3093 489 3169 posueritis,
520 3094 587 3152 tum
617 3092 695 3150 haue
726 3089 903 3167 petitionem
937 3107 991 3166 pro
1022 3107 1083 3149 neu
1114 3087 1198 3149 faeta
1228 3089 1332 3150 heberi
1352 3089 1430 3150 volo.

312 3200 465 3278 Siquidem
484 3201 568 3261 nulle
589 3201 678 3260 medo
701 3199 832 3275 patriam
853 3201 990 3258 nestram
1010 3200 1134 3275 propter
1157 3218 1204 3259 me
1218 3199 1340 3276 gravari
1353 3199 1431 3272 vele.

311 3309 368 3370 Sed
398 3312 430 3370 in
451 3329 568 3381 casum,
598 3328 686 3387 quem
706 3307 783 3380 diui,
804 3309 872 3367 tum
899 3308 1026 3368 officiose
1048 3310 1079 3368 et
1100 3310 1239 3368 amanter
1256 3327 1314 3369 uos
1337 3326 1431 3386 roge,

310 3422 347 3479 ut
368 3419 525 3480 dimidium
543 3418 631 3478 istius
645 3435 778 3476 summae
793 3417 839 3479 vel
853 3417 943 3493 paulo
959 3417 1105 3493 ampliue,
1130 3436 1208 3498 quae
1222 3418 1262 3478 ad
1276 3417 1430 3478 dimidiam

311 3528 429 3601 partem
450 3526 509 3586 mei
529 3525 632 3584 salarii
656 3525 792 3599 accedet,
814 3528 887 3586 sunt
908 3525 988 3586 enim
1010 3526 1085 3585 mihi
1105 3527 1138 3586 in
1162 3526 1297 3604 singulos
1317 3543 1431 3586 menses

312 3633 370 3693 260
387 3633 453 3693 (iar.
469 3634 582 3695 addicti
606 3637 637 3693 et
657 3633 802 3706 ordinati,
824 3635 857 3694 in
879 3635 1059 3695 solutionem
1081 3635 1145 3712 ejus
1166 3635 1241 3695 mihi
1263 3633 1431 3696 reservetis.

311 3741 357 3802 De
377 3742 474 3803 altera
495 3742 620 3802 dimidia
643 3743 682 3802 ad
703 3743 930 3804 Transieulanoe
955 3743 1071 3820 scripsi.
1123 3743 1188 3804 Hoe
1213 3744 1328 3820 ipsum,
1350 3743 1431 3820 qued

310 3851 359 3911 hie
389 3850 505 3924 indico,
535 3850 568 3909 in
600 3849 711 3910 bonam
740 3853 873 3927 partem,
900 3869 1023 3926 quaeso,
1048 3870 1134 3912 ame
1159 3851 1330 3928 accipiatis:
1354 3852 1431 3914 faeie

311 3961 390 4021 enim
410 3960 441 4019 id
461 3978 550 4020 suasu
571 3962 602 4019 et
625 3959 749 4019 oonsilio
771 3960 849 4035 ejus,
865 3979 954 4036 quem
968 3980 1058 4039 supra
1075 3962 1152 4036 dixi,
1167 3964 1198 4022 et
1211 3961 1324 4040 magis,
1339 3980 1432 4041 quam

311 4070 470 4150 quisquam
492 4067 569 4128 alius
593 4069 649 4128 hoe
670 4067 852 4144 promeritus
873 4088 955 4144 sum,
976 4072 1013 4130 ut
1037 4070 1257 4132 animadvertes
1278 4090 1314 4132 ex
1327 4073 1432 4148 proto·

310 4178 401 4251 aelle,
425 4178 504 4258 qued
535 4177 619 4239 brevi
650 4177 827 4252 impressum
853 4167 1017 4254 habebitis,
1040 4199 1212 4260 quanquam
1236 4200 1296 4241 non
1320 4179 1430 4253 adid,

311 4288 361 4349 sed
382 4289 420 4348 ad
440 4267 629 4348 veluntatem
649 4285 721 4357 Dei,
754 4285 839 4360 eujus
863 4286 976 4362 gloriae
1001 4289 1032 4348 et
1056 4288 1163 4356 honori
1183 4307 1231 4350 me
1253 4290 1352 4349 totum
1375 4307 1431 4366 pro

309 4397 485 4458 infirmitate
517 4413 584 4454 mea
618 4392 769 4468 dedieevi,
801 4395 989 4472 respexerim.
1041 4397 1120 4457 Nolo
1147 4400 1249 4458 temen
1279 4397 1328 4473 id,
1348 4398 1431 4478 quod

309 4508 405 4568 scribo
430 4505 518 4565 aliter
540 4503 578 4561 ad
598 4503 737 4563 effectum
758 4505 935 4580 pervenire,
960 4524 1050 4585 quam
1064 4525 1099 4567 eo
1113 4526 1200 4582 eeeu,
1220 4527 1279 4587 quo
1294 4499 1431 4588 alioquin

310 4622 512 4636 ιαμ-ορ·-

343 4671 368 4734 l)
403 4669 485 4718 Unten
505 4667 563 4720 Nro.
586 4665 625 4722 26.
