3020 5360
277 485 314 543 72
684 497 817 540 1111111
844 496 973 539 ursani.

277 660 467 734 testamenti,
498 658 653 735 dispositis
673 677 727 734 per
754 659 816 718 dies
843 655 1089 719 convenientibus
1111 651 1196 716 libris
1217 654 1263 715 vel
1286 652 1416 730 eapiti-

276 769 340 831 bus.
392 766 616 826 Adhiberentur
634 785 751 842 preeee,
784 765 926 825 leotiones
951 763 1000 825 vel
1024 763 1178 823 cantiones
1198 761 1415 838 psalmorum.

276 879 380 938 Posset
403 877 496 936 etiam
527 875 560 934 in
579 875 653 935 loeis
673 873 891 933 diffieilioribus
914 870 1055 932 absoluta
1074 869 1203 930 leotione
1228 868 1312 930 inter
1337 887 1416 928 eer-

275 988 323 1046 tos
350 984 388 1044 ad
415 984 472 1044 hoo
499 984 609 1044 eleetos
640 985 672 1042 11
697 982 851 1043 ordinatos
871 981 942 1040 iniri
970 975 1105 1042 modesta
1133 979 1281 1055 quaedam
1304 977 1414 1037 oolla-

274 1094 328 1154 tio.
370 1093 476 1152 11111
496 1090 616 1168 publioo
635 1092 775 1152 exercitio
799 1110 893 1168 nemo¹
915 1091 1117 1167 cujuscunque
1140 1087 1295 1170 religionis
1319 1087 1414 1147 exis·

275 1206 339 1277 111,
361 1205 548 1264 averteretur
568 1205 690 1277 propter
711 1201 939 1276 conscientiam,
963 1201 1140 1260 eonduaeret
1160 1217 1222 1258 non
1242 1199 1350 1257 solum
1366 1197 1413 1256 ad

276 1313 358 1373 vitae
377 1311 632 1383 emendationem,
655 1312 706 1371 sed
727 1312 819 1371 etiarn
843 1311 881 1370 ad
902 1310 1106 1382 eonoordiam,
1128 1327 1183 1369 neo
1204 1327 1257 1385 per·
1270 1307 1358 1368 illud
1373 1307 1411 1366 in

277 1422 370 1480 ullam
398 1421 589 1480 offensionem
630 1421 686 1482 Dei
706 1421 925 1480 incurreremus
944 1419 994 1481 vel
1014 1419 1129 1495 aliquid
1151 1419 1238 1478 nobis
1259 1435 1412 1476 assume·

277 1547 396 1601 remus,
428 1528 507 1605 quod
537 1547 597 1588 non
621 1547 639 1588 a
672 1529 778 1604 quovis
809 1529 929 1587 homine
954 1527 1018 1604 ipso
1052 1527 1133 1588 Deus
1163 1525 1315 1601 requirat,
1355 1525 1411 1585 val

278 1637 362 1713 enjus
387 1637 538 1698 1111111111
563 1657 624 1696 non
649 1657 702 1714 per
722 1657 752 1698 se
772 1638 803 1696 id
824 1637 987 1697 incumbat.

317 1746 399 1806 Haeo
430 1750 502 1807 sunt
531 1748 706 1824 praecipua,
736 1748 771 1807 de
794 1747 902 1825 quibus
924 1765 977 1808 vos
998 1746 1031 1805 in
1044 1745 1211 1821 ‘praesenti
1234 1745 1411 1804 admonere

278 1852 376 1930 volui,
406 1873 461 1914 nee
493 1855 598 1914 dubito
632 1856 720 1934 longe
752 1874 815 1916 esse
847 1857 949 1931 plura,
982 1855 1091 1931 quibus
1115 1855 1188 1914 haee
1209 1853 1411 1914 oeoasionem

279 1966 349 2026 dare
379 1966 537 2044 poterunt,
569 1968 606 2025 ut
636 1984 698 2025 non
717 1966 817 2026 minus
839 1966 875 2024 de
895 1965 971 2040 11111,
1004 1984 1093 2041 quam
1115 1965 1151 2024 de
1171 1963 1218 2023 1111
1240 1963 1410 2039 cogitetis,

278 2094 340 2135 una
371 2076 449 2135 enim
479 2094 595 2136 meeum
616 2094 677 2135 non
698 2074 862 2152 ignoratis,
883 2093 959 2151 quae
985 2075 1019 2136 in
1043 2073 1130 2135 initio
1148 2075 1222 2134 novi
1241 2073 1411 2151 regiminis

279 2185 460 2261 stipulamur
481 2192 510 2246 11
529 2185 753 2261 promittimus,
774 2203 809 2245 ea
834 2187 939 2261 postea
962 2185 1031 2259 jure
1052 2183 1130 2260 exigi
1151 2187 1182 2242 11
1203 2183 1316 2243 deberi.

319 2293 438 2371 Oroque
463 2313 565 2355 omnes
588 2293 733 2366 Ordines,
755 2312 792 2352 ne
824 2293 862 2352 ob
893 2291 1004 2353 frivola
1034 2283 1181 2366 quaedam
1201 2292 1243 2351 111
1263 2291 1351 2350 inter
1374 2311 1410 2353 11

279 2404 477 2476 contendant,
499 2407 536 2463 ut
557 2405 673 2464 interea
695 2405 834 2462 deserant
854 2406 886 2462 et
906 2401 1052 2488 amittant
1072 2419 1121 2474 oa,
1142 2399 1300 2477 inquibus
1316 2403 1409 2462 salus

278 2516 383 2574 nostra
413 2532 514 2573 eoram
545 2514 607 2572 Deo
639 2516 670 2573 et
702 2517 809 2572 mutua
828 2513 909 2572 inter
935 2530 990 2572 nos
1011 2514 1042 2570 ot
1062 2511 1172 2570 liberos
1195 2513 1318 2570 nostros
1341 2529 1410 2586 pax

279 2623 311 2680 11
338 2620 510 2693 eoncordia,
541 2620 647 2681 deinde
667 2621 763 2681 totius
785 2621 899 2696 patriae
920 2619 1112 2680 incolumitas
1133 2621 1191 2679 sita
1211 2623 1265 2680 111.

185 2783 187 2789 1
299 2729 406 2801 'Quod
427 2730 466 2788 ad
496 2730 626 2790 officium
657 2729 872 2805 deputatorum
903 2729 1028 2805 attinet,
1064 2730 1101 2790 de
1132 2747 1167 2788 eo
1197 2729 1289 2787 etiam
1325 2730 1409 2808 quid

279 2838 407 2899 sentiam
428 2838 580 2898 ordinibus
600 2839 711 2898 nostris
732 2839 848 2914 aperire
868 2856 930 2900 non
950 2838 1107 2916 gravabor.

319 2949 520 3025 Posteaquam
550 2948 798 3009 elementissimus
829 2949 910 3008 Deus
941 2949 1056 3024 patriae
1077 2952 1198 3009 nostrae
1219 2967 1286 3009 eam
1306 2949 1408 3010 liber-

280 3061 391 3134 tatem,
413 3078 504 3136 quarn
525 3059 597 3118 olim
617 3059 649 3117 in
670 3058 827 3136 deligendo
850 3061 956 3119 senatu
977 3058 1152 3132 habuimus,
1166 3045 1409 3132 restituerit,in

280 3167 385 3242 primis
404 3161 478 3228 'looo
506 3169 606 3245 aliquo
627 3168 659 3228 in
680 3171 834 3244 posterum
847 3166 998 3246 paeanio,
1020 3167 1068 3228 vel
1090 3167 1116 3225 si
1138 3166 1204 3242 quie
1227 3166 1328 3226 adhue
1349 3187 1408 3228 va·

282 3278 347 3351 111,
369 3293 490 3352 operam
510 3277 582 3336 dere
602 3296 657 3338 nos
679 3280 815 3353 oportet,
837 3280 873 3338 ut
894 3277 956 3338 sive
978 3277 1086 3355 aliquis
1105 3296 1141 3335 ex
1153 3275 1314 3336 nobilitate
1329 3277 1408 3356 eligi

281 3383 404 3457 debeat,
437 3384 500 3446 sive
523 3403 559 3442 ex
580 3385 639 3444 alio
670 3382 799 3459 Ordine,
821 3403 881 3444 non
900 3385 976 3444 alius
996 3385 1141 3462 eligatur,
1163 3405 1254 3462 quam
1274 3385 1329 3463 qui
1355 3386 1408 3448 vir

281 3491 378 3552 bonus
410 3495 442 3551 ot
473 3493 576 3568 justus
608 3493 735 3566 existat,
767 3493 857 3554 simul
881 3493 973 3553 etiarn
993 3493 1026 3553 in
1041 3495 1112 3570 jure
1135 3497 1278 3554 versatus.
1323 3491 1407 3556 Cum

283 3603 363 3661 enirn
394 3605 517 3662 senatus
544 3605 647 3662 noster
678 3602 848 3680 exlegibus
869 3602 1161 3679 oivilibusjudioare
1183 3606 1325 3680 cogatur,
1348 3605 1407 3663 ab·

242 3695 243 3698 Ἴ
283 3712 407 3771 surdum
428 3709 507 3770 foret
528 3711 659 3786 aliquem
681 3711 767 3790 eligi,
789 3712 840 3788 qui
855 3730 960 3780 aarum
976 3713 1072 3788 legum
1087 3711 1245 3788 imperitus
1258 3712 1309 3771 sit.
1330 3713 1407 3778 Non

284 3820 388 3880 stricte
409 3839 526 3896 semper
548 3820 581 3880 in
606 3820 758 3880 nobilibus
779 3822 1000 3898 promotionem
1019 3821 1157 3898 requiro,
1173 3841 1358 3901 quamquam
1374 3827 1408 3884 et

253 3951 262 3961 ⁴
284 3947 319 3988 ea
337 3929 502 4005 majoribus
523 3930 634 3990 nostris
655 3949 716 3990 non
739 3929 878 3989 indecora
899 3931 1004 3989 habita
1025 3929 1099 4004 fuit,
1122 3931 1174 3990 aed
1194 3932 1314 4009 requiro
1329 3950 1407 3993 ean·

284 4038 365 4111 dem,
387 4056 463 4116 quae
485 4037 517 4097 in
539 4039 684 4114 promotis
705 4042 765 4111 111,
787 4039 993 4098 eruditionem.
1035 4039 1178 4119 Alioquin
1194 4041 1273 4115 justi
1282 4041 1407 4124 judiees

285 4147 366 4224 apud
387 4165 456 4219 nos,
479 4148 531 4228 qui
552 4168 613 4209 non
634 4149 693 4208 nisi
710 4149 780 4224 jure
802 4149 936 4209 Romano
957 4150 1087 4222 utimur,
1116 4170 1270 4230 nunquam
1293 4155 1406 4225 erunt,

285 4258 316 4314 et
336 4257 469 4332 pandere
489 4277 525 4316 ex
546 4258 674 4318 aliorum
696 4255 821 4318 arbitrio
840 4258 1042 4334 periculosum
1063 4262 1124 4335 est,
1145 4279 1206 4320 non
1221 4260 1318 4319 solum
1330 4279 1405 4336 par·

285 4365 385 4441 tibus,
413 4369 466 4427 sed
486 4369 518 4427 et
545 4385 709 4442 paucorum
730 4367 848 4426 stabilit
870 4369 1038 4444 potentiam
1063 4374 1101 4429 11·
1113 4369 1324 4446 insolentiam,
1347 4389 1406 4446 pa·

284 4476 384 4557 ritque
416 4480 554 4555 sumptus
577 4496 638 4538 non
663 4477 855 4538 necessarios.
907 4477 957 4538 Ita
986 4478 1020 4538 in
1051 4498 1169 4540 eernere
1199 4482 1231 4539 et
1251 4479 1325 4538 alibi
1347 4481 1405 4540 ubi

284 4586 399 4647 nobiles
420 4588 483 4648 sine
508 4587 694 4664 promotione
717 4588 918 4665 recipiuntur,
940 4607 1000 4650 non
1021 4589 1112 4650 aliter
1132 4589 1404 4666 tamen'reoipiun·
