3020 5360
499 546 658 589 arnasano
678 547 808 590 nonnul.
1153 530 1210 592 125

98 711 142 769 72.
378 708 537 794 Clarissimo
556 729 591 768 ue
609 709 807 769 consultissimo
827 695 886 769 orio
899 724 1059 768 annulare
1073 727 1209 785 nonnus,

331 819 357 876 Ι.
383 819 416 877 U.
438 819 561 892 ἀοοιονὶ,
593 820 702 878 domiuo
733 829 766 878 et·
784 820 873 878 omae
891 839 942 879 suo
961 821 1131 880 honorande.
1171 823 1207 879 Iu

328 925 405 983 Liar.

692 1161 875 1236 Frankfurt,
897 1164 934 1222 31
957 1163 1055 1224 Maerz
1077 1164 1164 1224 1583.

128 1399 273 1459 Salutem.
314 1399 432 1460 literas
448 1401 534 1474 tuas,
554 1419 630 1476 quae
651 1401 780 1477 scriptae
801 1404 873 1462 sunt
895 1403 914 1460 3
935 1401 1056 1477 Martii,
1078 1422 1128 1464 eas
1150 1424 1204 1482 ego

92 1509 137 1568 hio
167 1509 358 1570 Franeofurti
389 1510 528 1570 hesterno
560 1509 607 1569 die
637 1510 769 1587 primum
796 1512 906 1588 aoaepi.
947 1511 997 1571 Ad
1018 1532 1093 1590 quae
1114 1513 1204 1574 iniis

14 1689 15 1700 χ
92 1618 260 1694 responderi
290 1617 347 1678 libi
377 1619 528 1694 postulas,
559 1618 592 1678 id
618 1619 674 1679 feei
695 1619 727 1679 in
749 1619 900 1696 prioribus
923 1621 1014 1694 meis,
1036 1641 1110 1698 quas
1128 1623 1207 1699 jam·

14 1727 15 1736 ’
91 1727 204 1804 pridem
225 1729 264 1787 ad
285 1731 315 1787 te
336 1727 421 1803 dedi,
443 1728 620 1806 diligenter,
642 1747 750 1805 easque
768 1729 865 1790 literis
880 1723 1098 1790 Oldemumano
1113 1732 1206 1808 serip-

92 1836 130 1896 tis
149 1837 344 1910 inclusarum,
366 1855 441 1913 quas
462 1853 549 1912 spero
569 1836 699 1896 fideliter
719 1836 777 1897 tibi
798 1856 861 1897 esse
882 1837 1025 1898 redditas.
1046 1837 1092 1896 Ex
1105 1839 1204 1912 bello,

92 1945 168 2020 quod
200 1945 233 2004 in
249 1944 310 2012 ,his
337 1943 476 2020 partibus
505 1944 576 2004 oriri
601 1947 632 2004 et
650 1945 765 2006 moveri
785 1945 866 2005 inter
878 1945 1057 2007 'Catholioos
1079 1951 1109 2007 et
1129 1948 1203 2008 Pro·

91 2055 235 2112 astantes
266 2052 342 2112 serio
375 2051 496 2128 insipit,
528 2071 614 2128 spero
647 2053 746 2112 media
776 2052 862 2112 nobis
895 2054 998 2113 oblata
1019 2053 1073 2127 iri,
1096 2055 1205 2130 quibus

91 2163 210 2222 tandem
241 2163 280 2222 ad
310 2180 415 2239 paoem
446 2162 611 2223 veniamus.
652 2161 827 2238 Apparatus
847 2162 1088 2226 Protestantium
1109 2164 1205 2239 major

93 2273 136 2330 est
157 2291 247 2351 quam
272 2274 415 2347 putatur,
437 2271 473 2331 de
494 2290 554 2347 qua
574 2291 606 2331 re
627 2272 703 2332 alias
722 2271 779 2332 tibi
799 2272 891 2332 latius
913 2273 1052 2332 scribam.
1094 2272 1206 2333 Contra

14 2381 15 2454 l
95 2379 196 2439 literas
228 2380 366 2440 deminae
387 2380 425 2440 ab
445 2380 576 2440 Eussum
597 2400 741 2458 generoso
766 2381 870 2440 comiti
890 2382 1027 2441 nonnihil
1049 2382 1205 2458 respondi,

14 2481 15 2500 ¹
92 2489 177 2566 idque
208 2489 318 2563 latine,
349 2508 417 2549 eum
449 2487 633 2549 Germanum
661 2509 762 2549 meum
792 2494 941 2551 oratorem
972 2495 1003 2551 st
1032 2491 1159 2551 saribam
1174 2492 1204 2568 1)

14 2633 15 2684 ,
83 2578 151 2674 'jam
181 2599 344 2659 amiserim.
396 2599 473 2659 Item
503 2599 563 2676 ipsi
592 2603 747 2660 matronae
775 2602 915 2677 respondi
935 2601 974 2660 ad
994 2602 1111 2673 literas,
1132 2619 1207 2676 quas

14 2731 15 2740 ¹
94 2707 206 2767 illamet
228 2708 266 2767 ad
286 2727 333 2768 me
354 2708 446 2767 dedit.
489 2708 622 2778 Quarum
643 2709 800 2768 literarum
822 2709 1121 2785 exemplaFn'derioo
1136 2711 1211 2784 post.

14 2861 16 2892 ,
94 2817 228 2890 mittam,
261 2809 329 2877 oum
359 2817 471 2877 nuncio
502 2821 683 2893 properante
710 2818 806 2878 otium
827 2837 907 2877 nune
929 2818 1115 2878 describendi
1136 2818 1204 2876 illas

14 3005 15 3008 Ἴ
93 2945 150 2986 uon
179 2926 382 2986 habuerimus.
434 2926 520 2996 Quod
551 2927 590 2986 ad
620 2946 667 2986 me
699 2927 830 2998 attinet,
851 2927 988 2986 nonnihil
1009 2928 1065 2986 hae
1086 2930 1203 2987 aestate

93 3034 272 3111 peregrinari
304 3034 414 3107 statui,
446 3037 483 3094 ut
512 3035 647 3107 videam,
679 3055 738 3111 quo
770 3035 827 3095 hoe
858 3036 970 3094 bellum
993 3035 1204 3094 Germanicum

94 3141 232 3228 inclinare
262 3145 346 3205 uelit.
398 3144 502 3221 Spirae
533 3165 580 3204 me
598 3145 636 3204 ad
656 3147 775 3220 tempus
797 3144 972 3219 continebo,
994 3145 1100 3204 deinde
1122 3163 1206 3220 repe·

14 3315 15 3330 ,
94 3258 151 3310 tam
180 3252 346 3328 acidulam,
378 3254 464 3330 eujus
496 3273 590 3332 aquae
619 3255 742 3332 potione
775 3272 852 3312 auno
885 3252 1048 3329 praeterito
1078 3253 1206 3314 feliciter

95 3377 160 3422 usus
189 3382 275 3438 sum,
310 3364 390 3423 undo
422 3384 470 3424 me
500 3365 538 3424 ad
570 3365 654 3425 aliud
684 3365 825 3425 balneum
857 3363 1022 3440 conferam,
1041 3363 1095 3422 ubi
1117 3363 1205 3424 amici

95 3471 185 3532 nostri
217 3472 373 3548 habitant,
405 3491 440 3533 aa
472 3493 539 3534 oum
560 3473 621 3534 illis
641 3473 678 3533 de
700 3473 816 3552 reliquo
840 3471 921 3533 vitae
943 3490 1026 3532 meae
1047 3475 1206 3550 genere'et

96 3578 127 3638 de
155 3579 305 3641 domicilio
337 3581 474 3660 eligendo
507 3582 687 3642 deliberabo.
730 3581 836 3657 Istud,
858 3581 938 3658 quod
958 3583 993 3639 tu
1015 3581 1138 3657 suades,
1160 3586 1206 3642 est

95 3689 186 3748 animo
208 3708 274 3753 meo
295 3707 414 3766 quoque
437 3691 657 3769 gratissimum.
699 3691 756 3750 Sed
780 3693 960 3767 an'tempus
974 3691 1072 3750 adhue
1086 3691 1127 3750 sit
1140 3691 1204 3752 des·

95 3798 211 3858 uendere
242 3799 363 3871 haereo;
397 3798 566 3876 ubieunque
587 3799 688 3872 fuero,
720 3817 782 3859 uon
807 3799 941 3860 desinam
961 3801 992 3860 te
1012 3799 1109 3860 literis
1129 3801 1204 3862 meis

14 3971 15 3974 Ἴ
94 3905 226 3968 invisere.
277 3907 361 3967 Idem
390 3909 427 3968 ut
448 3911 483 3969 tu
503 3909 596 3969 faeias
618 3928 709 3989 roge,
729 3928 784 3970 nee
804 3927 924 3970 neeesse
945 3908 1037 3970 habes
1066 3910 1125 3969 alio
1154 3928 1203 3970 ess

14 3983 15 4012 ¹
94 4013 222 4089 mittere,
254 4034 345 4095 quam
379 4018 417 4076 ad
452 4020 611 4079 consuetas
638 4019 726 4079 aedes
746 4037 828 4079 meas
851 4016 1000 4080 Coloniae.
1041 4017 1074 4077 Si
1100 4017 1205 4105 Domi·

94 4139 146 4182 nus
165 4123 298 4198 dederit,
319 4123 366 4185 uti
386 4125 471 4185 firme
493 4124 578 4187 brevi
598 4127 734 4186 loturum
756 4144 858 4202 spero,
889 4144 948 4201 quo
980 4127 1103 4203 propius
1134 4146 1205 4188 oon·
1271 4190 1273 4194 ,

93 4229 241 4306 vivamus,
276 4232 356 4294 idem
377 4251 513 4310 *quoque
552 4235 654 4309 dabit,
694 4238 730 4296 ut
768 4237 846 4296 alter
883 4235 972 4295 alteri
1002 4236 1070 4312 plus
1100 4237 1205 4296 auxilii
1302 4212 1304 4221 Ι

14 4417 15 4428 ¹
94 4343 122 4400 et
151 4341 251 4402 solatii
275 4360 366 4419 quam
398 4361 477 4403 nuno
505 4343 622 4404 adferre
653 4344 757 4422 possit.
798 4345 882 4404 Bono
910 4362 1020 4421 quaeso
1044 4345 1143 4406 animo
1164 4346 1205 4405 si·

72 4467 155 4510 ¹mus
189 4453 220 4510 et
252 4451 286 4510 in
319 4435 484 4512 Dominum
516 4456 653 4514 nostram
688 4473 793 4513 auram
827 4454 1010 4532 rejiciamus,
1046 4453 1073 4514 is
1103 4473 1205 4515 neees-

124 4656 149 4721 1)
183 4656 308 4709 iohannes
325 4658 354 4708 ab
371 4657 476 4708 Heiden.
