3020 5360
470 581 631 626 manno
649 580 781 624 serm.
1128 555 1187 616 105

71 739 186 810 leidae.
238 747 276 808 In
305 747 435 826 utroque
466 745 565 805 multe
595 742 748 814 desidero,
770 741 821 801 sed
841 740 881 798 ad
902 737 1034 816 priorem
1056 735 1204 795 scribere

71 877 130 918 non
157 857 262 935 potui,
293 856 366 934 quia
396 854 495 914 nescio
527 853 612 929 cujus
643 851 699 923 sit;
731 851 770 909 ad
790 849 946 908 Danaeum
967 845 1126 923 epistolam
1146 846 1185 905 40

71 967 205 1026 foliorum
237 964 368 1036 confeci,
400 963 433 1022 in
464 980 524 1040 qua
556 959 671 1032 omnia,
699 975 776 1036 quae
796 956 830 1015 in
850 973 992 1032 responso
1013 954 1078 1029 ejus
1097 956 1183 1028 sunt,

72 1075 244 1136 examinavi.
293 1074 364 1133 Non
384 1075 539 1149 putassem
560 1071 663 1130 tantos
685 1067 718 1127 in
738 1087 773 1127 ea
794 1066 919 1126 ccclesia
939 1083 1053 1126 errores
1073 1065 1186 1138 latero,

73 1186 196 1261 quantos
226 1183 260 1241 in
290 1183 343 1242 illo
373 1180 476 1240 libello
509 1177 617 1254 reperi.
668 1175 757 1234 Hanc
788 1174 946 1251 epistolam
974 1155 1107 1250 proxime
1128 1170 1187 1232 tibi

74 1291 309 1365 communicabo,
332 1291 359 1350 si
380 1290 465 1367 pueri
486 1287 546 1347 mei
566 1289 687 1346 tantum
709 1285 807 1345 otium
826 1282 974 1357 habeant,
995 1284 1031 1342 ut
1049 1300 1116 1341 cam
1135 1280 1188 1340 de·

74 1401 195 1460 scribere
215 1400 343 1479 possint.
385 1398 460 1458 (lum
481 1397 563 1456 omni
584 1395 732 1455 modestia
753 1413 818 1453 eam
834 1392 957 1470 scripsi,
971 1392 1062 1473 inque
1076 1409 1112 1451 ea
1124 1389 1188 1468 ple·

73 1527 158 1586 raquo
178 1509 248 1569 fidei
268 1507 415 1586 mysteria
434 1509 669 1583 pertractantur.
902 1503 907 1514 '
1106 1485 1110 1494 ’

111 1617 189 1678 Bene
220 1619 288 1680 vale
316 1617 364 1678 vir
384 1613 607 1688 amantissimo,
629 1613 732 1687 uxori,
752 1610 855 1670 liberis
876 1613 907 1671 et
927 1608 1048 1670 Fciconi
1068 1626 1188 1670 omnem

75 1745 93 1784 a
113 1746 156 1786 mo
176 1727 306 1786 salntem
326 1728 358 1784 ct
378 1742 521 1784 amorem.

117 1833 253 1896 Coloniae
274 1835 387 1910 raptim
407 1835 446 1892 25
467 1833 541 1892 Jnn.
565 1831 653 1890 1582.
739 1876 742 1880 .
808 1869 812 1874 ·

847 1939 930 1998 Tuus
952 1957 987 1999 ex
1007 1938 1108 1997 animo

933 2047 971 2106 A.
993 2047 1030 2106 A.

527 2390 729 2400 ...—

78 2633 123 2692 60.
326 2650 486 2692 arnasano
507 2649 629 2690 sesama
651 2634 713 2708 (wic
733 2634 823 2709 compe
842 2633 938 2709 Nnc).

756 2810 852 2882 Korn,
877 2811 913 2868 19
936 2809 1018 2887 seps.
1041 2812 1129 2872 1582.

114 3020 256 3081 Salutem.
297 3019 438 3080 Fortuito
459 3020 538 3079 hune
559 3019 703 3078 nuncium
724 3020 851 3090 nactus,
878 3017 931 3097 qni
950 3018 1054 3078 itineri
1075 3019 1191 3080 accinc-

79 3130 122 3189 tus
143 3133 190 3191 ost
209 3130 314 3207 paucis
335 3130 373 3189 ad
395 3129 499 3189 literas
519 3131 589 3188 tuas
610 3129 787 3206 respondere
810 3127 905 3188 volui.
947 3126 1039 3187 Abini
1061 3147 1115 3202 por
1129 3148 1194 3188 oer-

78 3243 137 3297 tnm
166 3243 287 3314 tempus
310 3237 483 3315 et‘potione
504 3257 599 3317 aquae
620 3258 655 3298 ex
675 3238 807 3310 acidula,
829 3255 906 3316 quas
929 3237 1029 3296 estin
1052 3235 1192 3315 Langen-

79 3348 259 3408 schwalbach
301 3347 334 3406 in
372 3348 520 3408 comitatu
562 3345 851 3423 Oatzenellenbogen
881 3345 1020 3405 nonnihil
1050 3349 1193 3406 naturam

79 3474 169 3516 meam
189 3458 332 3517 recreavi.
375 3455 472 3533 Super
492 3460 576 3517 statu
603 3457 720 3532 patriae
741 3459 864 3516 nostrae
885 3456 1077 3517 vehementer
1097 3456 1194 3516 doleo.

81 3561 163 3640 Spero
195 3567 294 3626 Deum
314 3568 439 3627 tandem
461 3567 577 3628 viscera
603 3567 824 3626 misericordiae
847 3584 918 3627 suae
942 3585 1014 3644 erga
1034 3584 1089 3626 nos
1111 3584 1193 3625 exer-

81 3673 191 3746 turum;
223 3675 264 3735 sis
296 3694 407 3753 quaeso
439 3677 519 3736 bono
542 3677 660 3751 animo,
681 3677 818 3754 hancque
839 3696 958 3736 crucem
978 3677 1012 3737 in
1030 3680 1061 3736 to
1083 3680 1113 3736 et
1135 3676 1197 3736 tuis

82 3782 115 3840 ad
133 3784 397 3845 mortificationem
419 3787 531 3848 vetoris
555 3771 685 3877 hominis
708 3788 756 3848 tui
777 3786 929 3863 patienter
941 3787 1030 3847 seres.
1071 3785 1197 3866 Inque·

82 3907 190 3968 cunque
221 3911 253 3952 re
288 3912 342 3971 ogo
374 3898 405 3954 to
438 3895 596 3955 sublevare
627 3899 658 3955 et
688 3896 832 3973 adjuvare
859 3899 980 3973 potero,
1001 3896 1127 3956 adeam
1148 3915 1196 3954 me

31 4019 32 4026 ¹
82 3997 208 4061 invenies
229 4003 490 4080 promptissimum
509 4008 540 4064 et
559 4003 795 4082 paratissimum.
853 4004 1031 4081 Exemplum
1052 4004 1196 4082 epistolae

84 4107 118 4166 ad
148 4110 306 4172 Danacum
337 4113 467 4190 scriptae
485 4115 662 4175 transmitto
678 4117 726 4192 1),
754 4115 889 4174 nondum
911 4132 1088 4188 responsum
1109 4133 1198 4190 snper

85 4235 116 4276 ea
143 4222 252 4297 accepi.
303 4222 433 4283 Gratum
463 4224 538 4283 mihi
569 4225 689 4298 feceris,
724 4225 749 4284 si
776 4224 957 4302 descriptam
988 4242 1007 4282 c
1038 4226 1069 4282 te
1100 4225 1197 4282 rceto·

85 4327 242 4389 rischolae
272 4331 457 4393 Loovardiao
489 4334 775 4406 communicaveris,
807 4336 843 4392 ut
863 4353 917 4409 per
937 4351 1005 4392 eum
1027 4333 1065 4392 ad
1079 4334 1199 4391 nostro·
1242 4387 1244 4390 .

85 4454 146 4496 rum
165 4457 284 4516 quoquo
305 4460 430 4517 manue,
453 4445 505 4520 qui
527 4443 665 4504 veritatis
687 4443 818 4502 studiosi
840 4445 927 4516 sunt,
958 4441 1124 4518 perveniat.
1154 4439 1199 4500 Ut

86 4550 158 4607 recte
188 4551 291 4608 tamen
323 4570 390 4610 moa
420 4551 589 4630 intelligas,
622 4571 698 4628 opns
730 4553 790 4613 erit
818 4551 937 4613 libellos
956 4552 1031 4612 istos
1052 4569 1113 4610 una
1132 4549 1193 4628 legi

88 4658 284 4674 ’ξ--ιι-

115 4675 149 4774 1),
171 4712 259 4764 Dictat
274 4713 344 4766 Bricl
358 4715 429 4768 fehlt.
