3028 5348
515 537 674 582 annuero
701 537 832 582 rcum.
1193 517 1231 578 27

449 715 682 761 ...annosum
702 715 899 760 rourum...

352 814 416 891 (wie
437 831 483 872 no.
513 812 550 885 2,
572 813 621 870 mit
648 811 708 870 den
737 811 842 870 Zoraa
875 809 1020 886 »brinpern
1050 807 1136 867 dieses
1155 807 1231 866 doen

310 921 452 997 tlollerl.’'

828 1124 925 1199 uon,
947 1122 985 1184 er
1007 1122 1079 1184 uc.
1101 1120 1189 1183 1579.

152 1337 299 1398 Salutem.
341 1335 421 1407 Quas
442 1335 546 1396 literas
571 1337 641 1395 ante
663 1333 701 1392 ad
722 1335 841 1394 nostros
862 1333 1022 1409 deputatos
1047 1328 1230 1407 scripsi,eas

98 1448 184 1525 jussi
208 1447 293 1510 vobis
315 1466 368 1523 por
389 1446 585 1508 secretarium
609 1464 732 1518 eorum,
749 1443 939 1504 licentiatum
958 1440 1083 1503 Aetium
1092 1438 1231 1501 Isbrandi

102 1556 335 1617 communicari.
388 1555 453 1615 Has
483 1555 611 1632 ipsemet
642 1554 766 1626 mittere
795 1527 900 1625 volui,
918 1571 956 1611 ne
978 1551 1004 1612 si
1027 1550 1105 1611 forte
1124 1549 1176 1608 ille
1198 1547 1231 1607 in

103 1664 346 1727 transmittendo
367 1664 484 1724 tardior
508 1666 563 1723 aut
581 1662 783 1742 negligentior
805 1661 845 1722 sit
865 1660 963 1739 ignari
977 1660 1062 1734 sitis,
1082 1657 1231 1737 quomodo

100 1794 188 1834 nunc
219 1793 251 1834 se
282 1773 431 1851 expeditio
462 1774 538 1848 ista,
568 1792 659 1850 quam
680 1773 824 1832 hactenus
845 1789 907 1831 non
928 1771 992 1830 sine
1013 1787 1105 1830 causa
1122 1767 1231 1829 metui·

102 1903 174 1944 mus
208 1886 239 1943 et
270 1902 346 1960 quae
370 1884 468 1943 adhuc
498 1882 697 1945 commodiore
721 1881 793 1957 ipsis
821 1882 955 1957 tempore
976 1878 1137 1940 metuenda
1157 1877 1232 1950 erit,

99 1993 228 2054 lrabeat.
269 1993 360 2070 Apud
386 2012 438 2055 vos
460 2011 545 2069 spero
569 1991 670 2053 omnia
692 2009 756 2051 esse
778 1990 954 2065 tranquilla.
1006 1987 1108 2048 Unum
1128 1986 1231 2046 admo-

100 2121 178 2162 nere
201 2120 356 2178 nunquam
380 2102 531 2177 desinam,
559 2121 597 2161 ne
619 2099 733 2161 scilieet
752 2100 848 2159 ullum
872 2099 999 2159 militem
1023 2097 1056 2157 in
1076 2095 1232 2158 civitatem

100 2215 240 2273 vestram
272 2212 442 2272 admittatis
473 2211 535 2271 nisi
563 2210 648 2272 vobis
679 2212 867 2270 sacramento
901 2207 1093 2279 obstrictum,
1126 2224 1144 2264 a
1171 2220 1231 2281 quo

100 2321 276 2398 etiampro
299 2324 400 2384 vestro
422 2321 548 2380 arbitrio
571 2319 694 2380 liberari
715 2319 851 2396 possitis3
871 2338 933 2398 non
955 2318 1229 2391 antestiamquam

101 2435 244 2492 extrema
277 2430 437 2490 necessitas
470 2429 507 2488 ad
528 2429 730 2488 defensionem
751 2427 845 2488 vestri
868 2430 976 2506 urgeat
995 2445 1060 2490 uos.
1101 2421 1231 2486 Omnino

102 2559 124 2599 a
156 2538 260 2616 gratia
290 2540 321 2598 st
350 2537 556 2597 misericordia
589 2536 643 2596 Dei
675 2555 778 2614 spero,
799 2537 875 2598 nihil
899 2537 953 2597 hac
977 2537 1082 2614 hyeme
1102 2533 1231 2595 nobisa

99 2647 222 2709 nostris
243 2645 379 2706 hostibus
400 2645 527 2721 periculi
547 2645 619 2704 fore.
662 2644 824 2707 casimirus
841 2647 952 2706 iterum
969 2646 1080 2706 dicitur
1096 2643 1231 2705 inarmis

100 2777 171 2819 esse
201 2759 233 2817 et
255 2775 317 2817 una
340 2775 408 2816 cum
422 2755 533 2828 Gallie,
558 2756 611 2832 qui
634 2755 713 2816 circa
736 2756 971 2836 Argentoratum
996 2756 1141 2816 hactenus
1161 2771 1231 2815 oon·

100 2869 274 2943 venerunt,
295 2866 459 2927 transitum
480 2885 534 2942 per
557 2865 701 2926 ditionem
726 2866 989 2945 Mogontiuensem
1009 2865 1140 2943 petiisse.
1169 2863 1231 2923 Ru·

100 2995 177 3038 mor
198 2995 316 3055 quoquc
337 2979 400 3050 est,
423 2977 581 3036 electorem
606 2974 752 3036 Senoniae
773 2977 937 3036 exercitum
961 2975 1115 3053 colligere,
1136 2973 1232 3034 sedin

101 3105 200 3164 quem
231 3087 320 3146 finem
351 3089 382 3146 et
410 3105 469 3163 quo
501 3088 638 3163 spectent
666 3086 754 3146 ambo
776 3087 873 3146 adhuc
894 3085 1061 3164 ignoratur.
1102 3083 1228 3142 Turcam

101 3216 181 3258 cum
210 3195 308 3256 Persis
328 3214 433 3272 pacem
462 3195 565 3255 fecisse
596 3215 631 3256 ex
651 3195 744 3255 Italia
768 3193 920 3255 scribitur.
960 3190 1040 3254 Hinc
1060 3191 1138 3252 forte
1158 3191 1230 3251 boni

101 3305 225 3382 aliquid
251 3306 350 3382 quoad
376 3308 478 3382 partes
504 3309 635 3366 nostras.
660 3303 661 3308 ’
686 3305 768 3366 Bene
795 3306 863 3366 vale
890 3304 939 3391 vir
966 3300 1171 3364 amantissime
1198 3301 1230 3359 et

102 3415 232 3476 domino
262 3416 378 3477 consuli
410 3415 543 3483 Alberda
563 3435 631 3476 cum
652 3415 775 3493 reliquis
796 3415 877 3476 notis
897 3416 929 3475 et
950 3412 1054 3474 amicis
1074 3430 1192 3472 omnem
1213 3428 1232 3469 a

101 3545 155 3585 me
180 3525 318 3588 salutem.

149 3632 308 3711 Coloniae,
326 3634 434 3696 ultima
457 3634 641 3712 Decembris,
665 3654 710 3697 ac.
733 3635 780 3696 79.

821 3741 931 3806 Vester
952 3761 988 3804 ex
1008 3743 1112 3805 animo

758 3850 947 3915 AGGAEUS
972 3869 1013 3913 mr
1032 3850 1210 3914 suasum

570 4095 774 4108 ...n—uu·—

499 4273 549 4334 Aa
568 4277 712 4352 deputatos
733 4273 852 4333 Fn'sioe.

838 4479 932 4555 Kb‘ln,
951 4481 989 4541 31
1011 4481 1081 4544 Deo.
1103 4483 1191 4546 1579.

154 4659 299 4726 Salutem.
351 4625 473 4725 Domini
506 4665 538 4726 et
570 4659 669 4724 amici.
710 4659 759 4722 Ad
779 4662 881 4724 sernas
901 4678 983 4724 meas
1004 4659 1232 4738 praecedentes,
