3020 5360
256 477 316 540 ua
641 493 645 512 ·
677 487 812 534 aecum
838 485 967 534 mans.

256 656 330 716 runt
350 654 381 715 vi
405 653 564 716 electorem
586 654 693 712 contra
713 650 881 726 capitulum
899 649 933 708 in
957 648 1106 728 dignitate
1128 666 1182 708 sua
1204 664 1388 708 conservare

259 763 401 840 utrinque
426 765 576 824 conantur
600 761 711 839 oppida
731 762 763 820 et
787 777 869 819 arces
895 777 1050 836 occupare.
1090 759 1141 818 Ita
1160 760 1194 818 ut
1212 759 1277 834 jam
1297 757 1387 833 prin-
1503 829 1504 832 Ἴ

259 872 339 950 cipia
365 871 438 930 belli
456 871 505 930 hic
531 871 638 947 coepta
657 868 831 930 babeamus.
873 866 906 926 Si
928 867 960 926 id
982 867 1130 940 evenerit,
1158 866 1207 926 uti
1228 885 1264 926 ex
1284 865 1387 926 omni-

260 981 318 1041 bus
338 979 579 1041 circumstanciis
605 979 747 1054 apparet,
768 993 919 1054 sperarem
940 975 1039 1036 media
1059 976 1161 1035 oblata
1185 975 1241 1049 iri,
1273 974 1388 1050 quibus

243 1106 310 1148 ·res
341 1091 463 1148 nostrae
494 1088 527 1146 in
557 1085 710 1145 meliorem
742 1087 858 1144 statum
890 1083 999 1143 adduci
1029 1085 1182 1159 poterunt.
1223 1083 1287 1160 Ego
1311 1083 1386 1143 hinc

267 1217 314 1257 me
349 1197 388 1255 ad
418 1199 538 1271 tempus
574 1194 737 1254 subducere
769 1193 882 1268 statui,
913 1212 983 1253 cum
1018 1192 1097 1252 enim
1120 1211 1201 1252 nunc
1229 1193 1385 1254 solitarius

261 1324 384 1383 prorsus
404 1305 546 1379 existam,
577 1322 687 1378 parum
709 1303 818 1377 retert,
849 1303 903 1361 ubi
925 1321 1021 1379 egero.
1063 1303 1219 1380 Intelliges
1245 1303 1324 1362 enim
1348 1321 1387 1362 ex
1419 1381 1422 1384 Ι

263 1414 330 1473 aliis
361 1413 475 1486 literis,
506 1411 654 1489 quomodo
684 1410 854 1471 Johannem
880 1430 979 1470 meum
1001 1411 1165 1486 praeterito
1183 1431 1284 1472 mense
1308 1411 1387 1470 ami-

262 1522 352 1582 serim
374 1525 404 1581 et
425 1521 520 1580 filium
540 1540 640 1579 mcum
668 1538 703 1578 ex
727 1519 870 1579 nundinis
897 1519 956 1578 alio
981 1519 1134 1596 ablegabo.
1176 1521 1290 1580 Eodem
1311 1539 1385 1598 crgo
1505 1511 1506 1538 ³

263 1631 350 1690 illum
374 1629 557 1703 comitabor,
578 1631 698 1705 postea,
720 1631 756 1688 ut
776 1646 971 1704 promoveam
990 1628 1130 1688 nonnihil
1150 1629 1297 1689 clientum
1319 1649 1386 1690 me·

265 1759 350 1800 orum
382 1757 505 1812 causas,
530 1737 683 1798 conferam
705 1757 752 1796 me
778 1737 912 1813 Spiram,
944 1738 1044 1815 ibique
1065 1737 1206 1798 morabor
1227 1758 1322 1815 usque
1345 1740 1387 1798 ad

264 1832 405 1924 Junium,
438 1851 529 1926 atquc
560 1848 629 1907 inde
661 1847 701 1906 ad
732 1847 882 1906 acidulam
906 1848 991 1907 illam
1018 1851 1168 1921 revertar,
1197 1849 1282 1936 cujus
1304 1868 1388 1926 aqua

264 1976 344 2017 anno
368 1957 531 2035 praeterito
553 1975 626 2016 usus
654 1976 737 2032 sum,
758 1959 794 2017 ut
815 1958 933 2017 videam
954 1941 1171 2034 num'prorsus
1191 1958 1303 2017 amalo
1317 1976 1387 2017 meo

264 2067 388 2126 liberari
419 2085 536 2144 queam.
589 2064 752 2126 (iteratione
774 2066 828 2125 illa
850 2067 1006 2141 absoluta,
1027 2068 1119 2143 prout
1138 2069 1175 2125 ut
1197 2069 1262 2126 tum
1284 2086 1388 2126 rerum

187 2224 201 2252 ,
265 2180 365 2236 status
380 2176 438 2252 ,hic
459 2179 490 2235 et
514 2175 547 2234 in
570 2176 674 2252 Belgio
699 2195 730 2235 se
755 2175 915 2250 obtulerit,
947 2194 1049 2235 coram
1078 2176 1141 2234 Deo
1163 2176 1387 2236 deliberaturus

266 2304 348 2360 sum,
371 2303 429 2361 quo
451 2304 499 2344 mo
520 2285 653 2344 conferre
676 2284 809 2344 debeam.
851 2283 978 2345 Animus
999 2304 1083 2344 meus
1104 2285 1164 2345 fere
1186 2304 1220 2345 eo
1242 2286 1388 2362 inclinat,

266 2397 302 2453 ut
333 2392 466 2468 Trajrcti
497 2393 681 2452 domicilium
710 2412 812 2450 meum
840 2392 958 2470 eligam.
1007 2391 1093 2461 Quod
1124 2393 1163 2452 ad
1184 2393 1306 2469 privata
1329 2396 1388 2453 tua
1490 2411 1509 2468 ῃ

267 2501 394 2575 attinet,
415 2499 574 2578 perscripsi
597 2518 693 2576 pauca
716 2500 860 2574 proximis
886 2501 960 2560 meis
981 2499 1086 2559 literis
1128 2501 1243 2572 Quaeso
1269 2501 1308 2560 ad
1322 2503 1387 2561 exi-

265 2628 360 2688 guum
388 2609 486 2667 adhuc
516 2610 634 2684 tempus
662 2608 842 2682 patientiam
867 2607 1045 2683 habeamus,
1065 2628 1178 2684 nosque
1203 2609 1285 2686 pacis
1308 2613 1387 2670 tcm-

267 2717 348 2796 pori,
370 2717 450 2793 quod
474 2716 587 2776 instare
611 2716 746 2791 videtur,
768 2734 963 2778 reservemus.
1005 2716 1086 2776 Bene
1108 2718 1191 2792 vale‘,
1218 2719 1266 2778 vir
1279 2737 1387 2779 aman·

266 2825 397 2900 tissime,
418 2825 506 2884 uxori
526 2828 558 2884 et
576 2824 679 2884 liberis
699 2842 817 2884 omnem
838 2844 917 2885 amo
932 2807 1060 2885 salutem
1076 2829 1108 2885 et
1121 2844 1263 2908 amorem.
1285 2825 1388 2888 Causa

267 2953 335 2994 msa
355 2935 460 2993 contra
479 2934 515 2993 E.
530 2933 560 3009 l)
603 2931 642 2992 sit
664 2931 749 2992 vobis
770 2935 993 3007 commendata,
1024 2935 1050 2993 si
1071 2953 1145 3011 quas
1166 2936 1204 2993 ad
1226 2956 1274 2995 mc
1296 2937 1387 2996 dede·

265 3043 307 3103 ris
331 3043 435 3102 literas
467 3041 505 3100 ad
536 3041 623 3100 aedos
644 3042 748 3126 solitas
769 3042 880 3121 dirige;
911 3043 981 3102 inde
1003 3043 1041 3102 ad
1064 3063 1112 3103 me
1133 3044 1294 3122 diligenter
1314 3064 1389 3121 pro·

265 3153 462 3212 curabuntur.
512 3151 630 3213 biberes
653 3153 710 3211 tibi
741 3153 901 3228 promissas
929 3154 1110 3230 jampridem
1133 3154 1386 3232 transmisissem,

265 3261 289 3321 si
313 3279 374 3320 non
406 3261 473 3320 aliis
504 3261 592 3320 rebus
624 3261 789 3322 scribendis
811 3282 1009 3324 amanuenses
1031 3265 1091 3323 mei
1113 3265 1250 3341 occupati
1272 3271 1386 3328 essent.

263 3368 380 3429 Iterum
394 3372 476 3468 xurdo
492 3459 495 3466 Ι
510 3371 542 3429 in
572 3389 623 3444 eo,
655 3372 707 3448 qui
739 3391 794 3433 nos
825 3374 930 3434 dilexit
962 3373 1080 3434 Christo
1104 3375 1235 3435 Domino
1261 3378 1291 3437 et
1320 3376 1386 3438 Deo

266 3471 404 3540 nostro.¹

307 3587 464 3660 Coloniae,
486 3587 524 3646 20
546 3589 634 3649 Febr.
656 3591 746 3650 1583.

723 3873 913 3883 ..ἡ

672 4105 830 4149 REHBERTO
851 4107 992 4152 Acrona·

1101 4272 1139 4332 19
1160 4272 1228 4333 Jan.
1251 4273 1340 4333 1583.

301 4443 357 4502 Die
376 4441 462 4504 Jovis
485 4445 648 4519 praeterito
672 4464 741 4505 cum
761 4447 947 4522 tyrranicum
968 4449 1045 4509 illud
1070 4451 1186 4512 factum
1212 4443 1384 4516 intellexis-

219 4624 222 4632 ·
297 4605 322 4668 1)
355 4605 468 4656 nussum.
