3020 5360
248 455 307 514 118
658 466 793 510 suessos
813 466 942 509 sessus.

247 631 312 692 fieri
334 632 364 690 et
386 628 452 688 dari
473 645 547 704 opus
568 645 641 687 esse.
683 626 897 698 Quamobrem,
920 625 946 684 si
966 624 1044 694 alius
1066 621 1175 699 aliquis
1190 619 1372 696 simpliciori

250 738 352 816 gratia
364 739 396 797 et
415 736 473 796 fide
495 735 666 813 praeditus,
688 734 771 794 dicat
791 734 848 795 sibi
864 735 920 793 boc
943 735 997 792 aut
1019 731 1096 790 illud
1111 730 1278 792 revelatum
1294 747 1371 802 esse,

248 846 276 905 el
296 865 357 907 non
379 846 468 906 modo
491 846 577 906 nulla
599 845 673 906 fides
694 825 871 916 adhibetur,
903 842 955 903 sed
976 841 1069 902 etiam
1089 840 1127 900 ab
1152 837 1371 899 eruditioribus

191 946 199 957 ’
240 953 281 1014 *et
300 955 432 1031 politicis
455 955 531 1015 risui
553 958 584 1014 et
604 955 706 1015 sannis
727 955 884 1031 excipitur.
926 953 996 1013 Non
1020 954 1120 1012 cessat
1140 953 1243 1010 tumen
1263 947 1371 1008 Domi·

248 1083 306 1126 nus
337 1083 392 1140 pro
414 1083 469 1123 aua
488 1062 694 1124 misericordia
713 1061 862 1138 inspirare
885 1060 994 1120 animis
1021 1059 1105 1142 vulgi
1119 1057 1226 1118 minus
1252 1057 1372 1133 opinio·

248 1173 339 1234 nibus
373 1171 512 1232 humanis
544 1171 697 1248 corrupti,
722 1189 798 1248 quae
831 1170 871 1230 sit
902 1189 956 1230 sua
977 1169 1138 1241 voluutas,
1167 1167 1220 1228 sed
1241 1171 1272 1227 et
1293 1167 1370 1226 baec

250 1280 409 1357 inspiratio
431 1284 463 1342 ct
484 1280 569 1359 vulgi
590 1299 648 1341 vor
668 1298 687 1339 a
709 1279 886 1357 potentibus
907 1282 939 1339 et
960 1279 1088 1340 eruditis
1110 1279 1316 1339 contemnitur
1337 1278 1371 1336 et

251 1389 405 1465 rejicitur:
431 1408 558 1469 cumque
583 1408 671 1466 super
701 1388 897 1466 inspiratione
927 1388 982 1447 illu
1002 1387 1091 1464 pauci
1114 1405 1150 1445 ex
1170 1385 1208 1444 iis
1229 1384 1370 1460 judicare

252 1479 380 1575 queant,
411 1518 465 1575 per
497 1499 572 1558 alias
603 1497 776 1558 subtiliores
797 1498 929 1558 rationes
951 1499 983 1556 et
1006 1496 1040 1555 in
1064 1495 1161 1571 specie
1183 1512 1237 1570 pro
1257 1493 1371 1554 mentis

251 1607 400 1666 humanae
426 1610 516 1685 captu
538 1611 569 1668 et
590 1606 785 1685 quaesitionis
813 1606 861 1666 sui
884 1606 1007 1665 innatae
1028 1603 1239 1665 convenientia
1259 1603 1372 1679 proba·

251 1714 387 1791 biliores,
418 1734 529 1776 evera
559 1735 614 1776 aua
641 1716 792 1776 sententia
812 1714 898 1774 facile
919 1713 1029 1791 vulgus
1050 1712 1219 1772 abducitur.
1260 1711 1372 1790 Itaque

252 1823 289 1883 de
309 1824 476 1885 voluntatis
498 1825 555 1886 Dei
575 1825 608 1884 in
629 1825 685 1885 hoc
705 1824 827 1902 negotio
842 1823 1030 1902 cognitione,
1044 1841 1122 1903 quae
1136 1841 1171 1882 ex
1185 1821 1372 1884 revelatione

253 1936 314 2006 est,
346 1935 446 1993 tacere
477 1953 577 2012 cogar.
629 1935 818 2014 Quamquam
847 1953 908 1994 non
939 1933 1055 2006 desint,
1087 1931 1140 2009 qui
1169 1931 1266 1990 dicere
1290 1930 1374 1990 bona

121 2091 128 2105 t
252 2042 434 2102 conscientie
461 2044 607 2117 audeant,
630 2044 705 2104 scire
727 2063 758 2104 se
786 2063 840 2120 per
863 2043 959 2103 istum
983 2043 1122 2114 modum,
1143 2060 1198 2100 nec
1223 2041 1262 2100 ab
1283 2039 1375 2126 initio

252 2150 453 2212 Alantonium
473 2153 545 2231 eligi
568 2152 724 2227 debuisse,
744 2153 901 2233 multoque
921 2152 1021 2212 minus
1045 2171 1145 2226 nunc,
1167 2170 1236 2210 oum
1249 2149 1373 2211 animus

254 2259 319 2336 ejus
349 2261 525 2322 manifestus
556 2282 575 2322 a
606 2263 669 2323 Deo
699 2263 798 2323 factus
830 2266 894 2337 est,
926 2261 1129 2340 recipiendum
1152 2279 1229 2322 esse:
1252 2260 1374 2321 animus

255 2369 371 2433 scilicet
391 2372 482 2447 talis,
503 2373 556 2453 qui
576 2392 638 2433 una
662 2392 731 2434 cum
756 2391 809 2434 suo
837 2363 927 2452 patrs'
943 2373 1020 2433 nibil
1041 2392 1132 2453 quam
1150 2372 1375 2451 oppressionem

254 2479 394 2540 veritatis
430 2481 461 2539 et
480 2481 673 2557 tyrannidem
704 2480 739 2540 in
765 2499 867 2543 omnes
899 2481 1035 2542 subditos
1065 2482 1231 2542 meditatus
1253 2484 1316 2558 est,
1337 2485 1376 2542 ut

255 2587 377 2648 omnino
401 2606 437 2647 ex
466 2588 524 2649 hoc
556 2591 668 2651 aventu
690 2589 787 2651 dicere
809 2591 896 2652 nobis
920 2609 1040 2653 necesse
1062 2591 1117 2665 sit,
1138 2593 1171 2651 in
1191 2591 1274 2651 illius
1296 2591 1376 2651 elee-

256 2697 338 2756 tione
359 2695 494 2776 graviter
514 2697 552 2756 ab
572 2698 727 2760 ordinibus
755 2704 912 2778 peccatum
934 2719 1035 2761 coram
1059 2699 1123 2760 Deo
1150 2699 1258 2775 lusisse,
1285 2699 1377 2778 longa

257 2808 359 2866 autem
379 2805 502 2884 gravium
523 2807 562 2866 ab
583 2807 690 2868 iisdem
710 2812 869 2886 peecatum
889 2809 944 2885 iri,
965 2811 991 2870 si
1010 2812 1173 2889 postquem
1187 2809 1269 2870 Deus
1284 2810 1379 2868 offen-

257 2933 322 2975 sam
351 2916 430 2976 banc
461 2917 624 2978 clementer
653 2919 691 2978 iis
714 2919 905 2996 patefecerit,
931 2919 1034 2980 eodem
1059 2919 1155 2980 relabi
1175 2917 1379 2978 instituerint.

256 3023 327 3083 Dixi
353 3028 456 3087 autem
487 3044 587 3087 coram
615 3028 678 3089 Deo
698 3028 818 3090 ordines
844 3047 997 3108 peccasse,
1023 3029 1113 3109 idque
1135 3028 1173 3089 ob
1191 3029 1269 3088 hanc
1290 3046 1379 3088 caus·

256 3150 336 3210 sam,
357 3136 437 3213 quod
463 3155 564 3198 coram
583 3137 756 3198 hominibus
778 3156 885 3216 graves
908 3157 1014 3199 causas
1035 3138 1175 3199 habuisse
1198 3137 1379 3210 videantur,

256 3261 310 3302 cur
340 3243 427 3303 illum
459 3245 576 3321 potius,
609 3266 699 3327 quam
727 3247 821 3307 alium
846 3248 1016 3326 eligendum
1048 3249 1229 3310 censuerint.
1282 3247 1381 3308 Simul

187 3349 189 3355 ’
258 3352 351 3412 etiam
367 3353 498 3414 libenter
518 3375 646 3434 agnosco
668 3377 738 3418 cum
754 3358 834 3418 idem
850 3358 924 3418 mihi
946 3361 1013 3419 tum
1026 3359 1186 3436 temporis,
1202 3358 1282 3438 quod
1296 3378 1379 3419 nuno

258 3461 349 3537 facis,
370 3463 406 3524 ds
434 3464 554 3525 divinae
578 3467 745 3527 voluntatis
769 3468 982 3529 incertitudine
1013 3474 1165 3543 moveres,
1187 3488 1248 3529 non
1270 3487 1381 3529 ausum

258 3590 306 3630 me
326 3570 433 3647 fuisse,
456 3573 529 3634 adeo
550 3574 643 3635 libere
665 3595 730 3636 eam
751 3578 901 3653 profiteri;
923 3582 957 3638 at
978 3596 1075 3653 nunc,
1096 3579 1196 3639 animo
1219 3582 1249 3638 et
1280 3577 1381 3637 inten-

258 3679 342 3740 tione
376 3678 533 3742 (iallorum
563 3684 698 3761 detecta,
731 3705 821 3763 quum
852 3705 971 3748 necesse
996 3689 1043 3748 est
1065 3705 1168 3748 omnes
1189 3687 1381 3779 piosjfateri‚

259 3787 316 3848 Dei
350 3790 502 3851 voluntati
533 3793 700 3870 adversari,
734 3795 771 3854 ab
798 3796 888 3872 hujus
913 3797 1146 3873 incertitudine,
1179 3816 1219 3857 an
1246 3799 1382 3876 amplius

132 3967 143 3988 l
258 3899 444 3960 excusationi
477 3902 560 3964 locus
593 3903 634 3964 sit
667 3905 784 3965 haereo.
835 3906 901 3967 Imo
937 3907 1034 3967 multo
1069 3908 1166 3986 magis
1193 3911 1313 3981 metuo,
1343 3927 1383 3966 ne

259 4009 430 4084 receptione
453 4009 551 4087 illius,
573 4012 626 4090 qui
647 4012 728 4074 facto
749 4014 813 4090 ipso
831 4016 897 4091 jam
918 4015 1072 4093 depositus
1094 4018 1155 4091 est,
1170 4017 1269 4075 Deum
1281 4016 1383 4091 ipsum

260 4119 380 4178 tentare
403 4119 597 4199 incipiamus,
619 4142 660 4184 un
680 4123 824 4183 nimirum
843 4126 940 4201 possit
962 4144 1017 4186 nos
1040 4145 1133 4203 aeque
1155 4126 1274 4199 subeo,
1292 4144 1383 4202 quem

260 4226 377 4288 bostem
399 4232 430 4288 et
449 4229 605 4292 inimicum
626 4251 713 4292 suum
735 4237 765 4293 et
788 4253 912 4294 suorum
932 4235 1098 4295 declaravit
1120 4238 1151 4295 et
1171 4235 1259 4312 quasi
1272 4237 1382 4312 aperte

261 4335 295 4395 in
313 4338 408 4397 oculis
428 4340 562 4400 omnium
584 4344 811 4417 condemnavit,
832 4363 923 4422 quam
938 4345 1001 4404 sine
1016 4363 1050 4405 eo
1065 4344 1222 4407 defendere
1237 4348 1271 4404 et
1283 4344 1382 4417 tueri,

261 4463 297 4506 ex
321 4464 380 4520 quo
411 4449 484 4525 quid
511 4451 594 4510 aliud
626 4453 709 4528 sequi
734 4455 865 4530 poterit,
897 4473 988 4532 quam
1012 4458 1049 4514 ut
1072 4455 1160 4517 novis
1182 4453 1327 4531 quaesitis
1350 4456 1382 4514 et

154 4636 157 4641 ι
260 4551 404 4616 adhibitis
425 4560 530 4621 mediis
551 4561 637 4624 novis
659 4563 886 4624 calamitatibus
907 4564 1081 4624 obruamur.
