3020 5360
483 559 635 602 nrsrsrars
655 559 689 601 rr
709 557 818 601 rursm.
1153 541 1210 602 145

6 751 7 774 ι
99 725 181 798 loco,
214 722 311 783 literis
332 723 371 782 ad
392 721 504 782 amicos
524 721 557 781 ia
578 719 717 779 omnibus
737 719 900 796 provinciis
913 701 1003 780 'datis
1023 719 1213 797 praestitum.

6 811 7 904 ,
101 823 258 892 Caeterum
290 849 382 890 unam
413 849 493 890 nunc
514 847 635 889 causam
654 828 821 906 attingam,
844 846 920 907 qaas
941 829 1022 904 apud
1040 827 1154 902 Deum,
1178 849 1213 889 ac

101 940 223 1018 proinde
255 939 347 1000 etiarn
379 938 460 1016 apud
488 957 558 1000 vere
590 937 692 997 fideles
724 939 756 997 et
781 937 989 997 theodidactcs
1008 926 1139 996 maxima
1158 941 1214 998 est.

100 1049 263 1126 Postquam
282 1047 316 1108 in
335 1047 466 1108 externis
481 1046 662 1107 idololatriis
684 1049 715 1106 et
736 1045 929 1106 caeremoniis
947 1045 1056 1122 prioris
1070 1047 1214 1124 temporie

100 1157 224 1219 nonulla
243 1156 324 1216 Dens
344 1156 528 1232 aperuisset,
550 1173 586 1215 ea
608 1174 676 1216 cum
697 1153 896 1216 admiratione
919 1157 950 1214 et
977 1155 1145 1232 gratiarum
1165 1174 1215 1215 aa·

6 1233 7 1272 i
101 1267 198 1340 tione,
219 1269 311 1344 prout
332 1285 461 1343 aequum
482 1267 565 1340 erat,
585 1264 676 1324 multi
699 1264 743 1343 pii
760 1267 955 1342 exceperant3
975 1265 1134 1342 praecipue
1147 1265 1216 1326 fun·

101 1376 241 1436 demente
272 1375 325 1435 illo
349 1375 533 1449 constituto,
565 1373 680 1436 nonin
701 1373 832 1434 externis
864 1373 912 1435 vel
936 1373 1091 1434 elementis
1113 1373 1216 1434 mundi
1293 1451 1295 1456 Α

101 1485 157 1544 hoc
189 1489 252 1559 est,
282 1485 316 1545 in
346 1503 442 1560 equa,
473 1502 551 1560 pane
581 1486 613 1543 et
645 1482 735 1556 vino,
756 1483 805 1543 vel
825 1483 858 1543 in
877 1483 940 1542 ullo
961 1502 1049 1560 opere
1070 1482 1215 1558 humano,

6 1665 7 1670 η
102 1593 212 1670 quibus
243 1596 315 1653 ante
346 1593 464 1669 decepti
492 1612 626 1667 eramus,
660 1591 753 1656 Deum
776 1592 825 1654 vel
848 1593 977 1652 salutem
999 1597 1135 1654 nostram
1155 1612 1219 1654 esso

6 1711 7 1714 ’
102 1703 320 1778 quaerendam,
341 1703 394 1762 sed
412 1701 445 1761 in
466 1701 530 1762 solo
554 1699 694 1776 christo,
715 1700 768 1779 qui
785 1700 893 1761 unicus
914 1705 961 1762 est
973 1700 1054 1761 inter
1067 1702 1217 1762 hominem

103 1812 134 1869 et
164 1808 264 1868 Deum
293 1809 326 1869 in
348 1808 461 1885 Spirito
483 1807 594 1868 Sancto
616 1826 671 1868 sao
691 1803 952 1870 reconciliator'ac
973 1809 1134 1882 mediater;
1155 1811 1217 1870 imo

69 1981 72 1986 ,
102 1917 155 1993 qui
174 1917 274 1978 faetus
292 1920 340 1978 est
361 1915 449 1976 nobis
471 1915 619 1994 sapientia
640 1935 659 1976 a
679 1916 759 1992 Deo,
776 1917 957 1995 justitiaque
971 1919 1003 1982 et
1018 1918 1217 1980 sanctificatio

102 2029 133 2086 et
167 2024 344 2102 redemptio.
396 2022 519 2084 Obortis
548 2027 654 2100 postea
685 2024 765 2084 inter
792 2043 856 2098 eos,
877 2025 930 2102 qui
952 2026 1049 2086 facem
1071 2026 1158 2087 nobis
1179 2029 1218 2087 ad

102 2155 188 2208 eam,
210 2153 301 2211 qnam
321 2133 399 2208 dixi,
419 2131 624 2212 cognitionem
644 2132 853 2209 protulerunt,
874 2134 1149 2210 disputationibus,
1169 2133 1219 2198 vel

103 2242 207 2320 potius
238 2241 498 2316 contentionibus,
531 2240 639 2302 omitto
669 2242 780 2302 referre
812 2243 848 2302 de
880 2230 989 2319 quibus
1017 2245 1122 2317 rebus,
1143 2265 1219 2323 quae

104 2351 180 2412 satis
202 2351 286 2412 vobis
308 2350 447 2429 cognitae
468 2353 554 2424 sunt,
576 2350 628 2410 sed
645 2350 710 2427 jam
731 2350 867 2426 plerique
888 2351 947 2412 sibi
966 2371 1142 2427 persuasum
1165 2355 1219 2414 ha-

104 2461 232 2534 b'ebant;
264 2459 394 2522 evasisse
426 2479 459 2520 se
490 2479 526 2518 ex
557 2459 689 2519 tenebris
717 2459 885 2536 prioribus,
909 2459 1037 2521 leniores
1058 2480 1109 2522 eas
1128 2481 1219 2539 qnam

105 2569 273 2644 debebant,
288 2568 497 2641 aestimantes3
513 2586 575 2628 non
588 2567 772 2646 ignorabant
785 2572 887 2630 tamen
900 2568 978 2630 deut
992 2569 1104 2647 scripta
1117 2589 1220 2631 eorum

6 2751 7 2760 ἵ
104 2678 283 2750 ostendunt,
316 2675 489 2736 antichristi
519 2694 586 2736 eam
618 2677 788 2736 doctrinam
809 2695 887 2751 esee,
908 2679 964 2738 hcc
986 2682 1033 2738 cst
1054 2697 1072 2738 a
1092 2679 1219 2740 dracone

6 2777 7 2810 ³
104 2787 158 2847 illo
179 2785 246 2845 rufo
268 2785 450 2863 profectam,
470 2785 523 2862 qui
543 2784 657 2845 bestiae
679 2785 726 2844 illi
744 2785 891 2846 mrtutem
911 2805 997 2845 suam
1025 2795 1054 2846 et
1076 2787 1220 2848 thronum

106 2914 194 2956 suum
225 2897 257 2954 et
286 2896 468 2970 potestatem
500 2911 642 2970 magnam
673 2893 772 2967 dedit;
805 2893 957 2955 debuisset
977 2913 1048 2972 crgo
1069 2896 1222 2971 quaelibet

107 3002 258 3080 particula
284 3002 440 3062 doctrinae
465 3000 572 3075 istius,
604 3002 703 3078 qualis
726 3002 764 3061 ab
792 3002 910 3063 ultimis
930 3004 1037 3064 seculis
1057 3005 1133 3080 fuit,
1154 3025 1221 3068 sns-

107 3117 195 3190 pecta
214 3111 252 3173 iis
271 3111 380 3185 fuisse,
392 3109 482 3172 'sicut
506 3111 599 3172 etiam
618 3113 704 3172 nulla
726 3116 788 3188 est,
810 3131 969 3188 quaenon
989 3114 1091 3191 aliquo
1106 3135 1220 3177 veneno

107 3221 219 3282 infecta
243 3221 292 3282 sit.
343 3221 401 3282 Sed
426 3225 461 3282 ut
482 3221 580 3282 dicere
608 3240 781 3298 coeperam,
801 3222 916 3283 obortis
936 3223 997 3284 illis
1020 3225 1221 3286 contentioni-

108 3332 164 3392 bus
194 3331 284 3391 multi
315 3349 352 3390 es
383 3328 420 3390 iis
441 3350 457 3389 e
477 3331 561 3391 coelo
581 3330 614 3390 in
634 3334 747 3390 terram
767 3329 954 3418 reciderunt,
976 3351 992 3391 e
1013 3332 1222 3410 spiritualibus

109 3440 238 3514 terreni,
267 3461 284 3500 e
314 3439 514 3500 theodidactis
545 3439 717 3500 scholastici
747 3441 884 3501 doctores
911 3460 1016 3502 rursus
1037 3442 1112 3503 facti
1133 3447 1222 3519 sunt,

109 3549 218 3610 amisso
251 3548 404 3627 spirituali
421 3549 561 3627 judicic,
596 3548 622 3608 si
641 3568 703 3609 non
724 3553 760 3610 ut
779 3550 825 3609 illi
845 3554 999 3612 creaturas
1021 3553 1222 3614 essentialiter

108 3659 140 3718 in
160 3658 258 3719 Deum
277 3659 419 3732 fecerint,
450 3661 554 3719 tamen
581 3663 735 3719 creaturas
757 3660 820 3721 Deo
841 3661 1023 3739 conjungere
1044 3664 1076 3721 et
1096 3662 1222 3738 permis·

109 3787 175 3863 cere
196 3769 235 3828 ad
250 3767 499 3844 justificationem
519 3766 649 3828 hominis
666 3768 871 3845 incaeperuut.
912 3767 991 3841 Quin
1012 3769 1104 3829 etiarn
1125 3773 1222 3849 major

6 3949 7 3954 ἵ
110 3895 180 3955 pars
210 3896 329 3950 eorum,
361 3877 441 3954 quod
470 3877 629 3954 praecipue
660 3875 821 3938 dolendum
841 3879 900 3953 est,
925 3896 986 3938 non
1005 3881 1170 3954 potuerunt
1191 3901 1222 3942 se

6 3971 7 4018 l
110 4009 146 4049 ex
163 3988 223 4048 illis
244 3985 396 4046 amoribus
415 3989 448 4046 et
466 3985 614 4060 tenebris,
629 3986 738 4064 quibus
751 3986 948 4047 antichristus
962 3985 1117 4071 Christum
1130 4007 1222 4068 regno

111 4115 166 4156 suo
187 4095 377 4170 deturbavit,
398 4095 459 4157 imo
479 4095 588 4173 quibas
610 4095 750 4155 omnibus
769 4094 900 4174 cognitio
922 4093 1034 4156 Christi
1051 4115 1086 4156 ac
1100 4098 1224 4158 ecclesia

111 4206 169 4268 Dei
201 4226 217 4265 e
247 4206 346 4266 medio
377 4204 499 4265 sublata
528 4203 605 4278 fuit,
626 4204 782 4264 extricare.
803 4203 1029 4264 ‘Nihilominus
1054 4201 1224 4268 misericors

111 4315 209 4389 Deus,
244 4315 296 4392 qui
333 4333 422 4375 suum
461 4313 728 4374 clementissimum
758 4314 906 4374 secundae
938 4312 1120 4374 visitationis
1149 4333 1223 4391 opus

112 4423 280 4502 relinquere
299 4423 414 4498 noluit,
436 4427 556 4500 praeter
575 4419 661 4496 illos,
683 4424 757 4483 daos
776 4423 864 4483 nobis
884 4426 977 4484 testes
998 4422 1100 4497 dedit,
1120 4425 1173 4501 qui
1187 4425 1223 4486 de

113 4532 234 4594 Christo
258 4534 290 4592 et
311 4533 348 4592 dc
369 4530 507 4593 omnibus
526 4531 578 4605 iis,
600 4550 677 4607 quae
698 4530 737 4589 ad
757 4550 884 4609 regnum
904 4531 962 4591 Dei
981 4531 1135 4610 pertinent
1147 4550 1222 4606 pure

113 4645 146 4706 et
164 4641 278 4704 sincere
298 4659 335 4700 ex
354 4638 537 4704 revelatione
558 4636 689 4721 Spiritus
710 4637 814 4700 Sancti
835 4638 976 4702 attestati
996 4641 1082 4718 sunt,
1112 4640 1164 4699 sed
1184 4640 1223 4706 si·
