3020 5360
220 507 278 568 148
604 515 768 560 noaruroos
788 511 945 555 susannis

217 685 273 746 Dei
294 679 472 748 venerabile.
514 679 544 740 Is
565 682 596 739 ot
617 676 654 738 V.
678 674 758 751 (3.1)
780 676 854 735 sunt
874 673 933 733 duo
953 671 999 732 illi
1021 675 1133 746 testes,
1161 673 1236 732 dune
1260 672 1332 732 illae

218 796 331 867 olivas,
361 811 489 871 quarum
520 789 553 848 in
586 787 677 865 Apoc.
699 785 812 844 mentio
833 784 871 843 fit
890 802 954 859 cap.
978 783 1025 843 ll.
1066 779 1132 842 Hoc
1152 781 1227 841 mihi
1246 782 1332 840 firmo

218 905 314 965 crode.
366 899 478 962 Addidi
509 897 668 974 epistolam
699 895 738 954 ad
764 893 917 953 ministros
938 911 1028 968 quam
1049 891 1155 951 tollara
1175 893 1222 953 vel
1241 889 1333 949 relin-

218 1013 309 1089 quor‘o
329 1010 373 1070 ibi
393 1007 517 1087 potoris.
558 1005 683 1065 Utinam
704 1001 752 1063 edi
772 1001 892 1061 libellus
912 1001 963 1060 illo
981 1000 1079 1076 possit
1100 1003 1132 1059 ot
1153 997 1333 1075 pulchriori·

217 1121 275 1181 bus
306 1118 388 1195 typis
415 1114 537 1186 excudi,
569 1115 604 1173 ut
634 1110 749 1189 gratior
780 1111 869 1182 essot;
902 1127 1052 1184 sperarem
1078 1127 1149 1167 cum
1167 1107 1273 1166 multis
1294 1107 1333 1166 ad

218 1226 357 1291 veritatis
388 1222 590 1302 cognitionem
621 1220 830 1295 profuturum,
858 1218 909 1277 sad
928 1217 1013 1293 prius
1033 1236 1108 1295 opus
1128 1221 1189 1289 est,
1210 1220 1247 1277 ut
1267 1235 1333 1276 cor·

218 1339 299 1397 recte
330 1331 531 1401 describatur,
564 1331 596 1388 et
621 1326 732 1403 ubique
755 1325 979 1400 distinctiones,
1001 1328 1037 1384 ut
1057 1329 1129 1386 sunt
1147 1326 1230 1399 oola,
1252 1344 1333 1385 com·

219 1447 304 1505 mota
324 1444 355 1502 et
375 1438 490 1518 periodi
510 1439 543 1496 in
563 1436 752 1496 discribendo
774 1435 866 1512 probe
890 1434 1094 1496 observentur.
1134 1435 1200 1494 Hoc
1222 1435 1277 1495 tibi
1302 1441 1334 1496 et

219 1551 356 1629 inprimis
375 1546 526 1610 voluntati
548 1545 603 1604 Dci
623 1543 809 1604 committo.”
853 1543 935 1603 Haec
955 1544 1016 1604 ille.
1038 1543 1185 1616 Fallitur,
1207 1547 1244 1604 ut
1257 1545 1333 1620 scis,

220 1660 301 1738 quod
331 1661 430 1737 putet,
463 1655 519 1716 sub
550 1655 671 1714 illorum
701 1652 821 1713 nomine
853 1653 1013 1714 veritatem
1044 1653 1214 1729 promoveri
1237 1673 1333 1731 posse.

221 1768 368 1830 Novimus
399 1766 478 1826 enim
510 1783 613 1824 omnes
644 1762 833 1840 prejudicato
863 1763 1016 1822 hominum
1041 1763 1170 1840 judicia,
1191 1766 1223 1822 ct
1242 1781 1335 1840 quam

213 1897 283 1938 non
302 1896 405 1937 sumus
427 1875 461 1934 in
480 1877 546 1935 toto
566 1873 671 1952 Belgio
695 1871 844 1949 repertori
864 1876 972 1950 typum
993 1891 1048 1949 pro
1076 1891 1179 1933 corum
1200 1873 1335 1934 virorum

222 1986 341 2064 scriptis
362 1985 417 2045 sub
439 1987 543 2060 aperto
564 1983 686 2042 illorum
703 1982 832 2041 nomino.
855 1983 921 2042 Etsi
942 1989 1022 2042 enim
1045 1983 1132 2043 nobis
1153 1984 1230 2070 tales
1252 1984 1336 2060 sint,

221 2097 254 2158 id
286 2100 388 2157 tamon
418 2093 605 2171 prejudicato
636 2091 707 2151 huic
738 2093 849 2150 mundo
880 2092 1052 2167 persuaderi
1080 2091 1208 2169 poterit;
1230 2095 1336 2172 rogavi

221 2207 322 2282 itaque
351 2203 467 2280 prolixa
498 2201 572 2262 satis
600 2200 735 2260 oratione
756 2199 921 2277 multisque
943 2200 1129 2276 rationibus,
1150 2205 1187 2262 ut
1206 2203 1337 2264 nominis

222 2313 270 2374 sui
298 2312 437 2373 claritate
469 2308 629 2370 veritatem
659 2308 831 2384 promoveri
861 2307 949 2369 sinat.
990 2308 1082 2368 Posse
1101 2309 1337 2399 etiam'illorum

223 2423 356 2483 virorum
378 2421 519 2496 pleraque
541 2416 737 2478 orthodoxica
757 2416 871 2493 scripta
893 2419 995 2493 (prout
1016 2436 1125 2478 aureus
1146 2417 1195 2478 hic
1215 2419 1337 2479 libellus

223 2532 260 2590 de
292 2527 457 2589 christiano
483 2526 617 2597 homine,
638 2525 686 2585 vel
708 2525 840 2601 ejusdcm
861 2525 1012 2604 theologia
1033 2526 1225 2600 Germanica,
1247 2546 1339 2605 quam

223 2640 260 2699 D.
284 2635 402 2696 Albada
422 2634 550 2695 latinam
571 2651 690 2709 quoque
709 2632 797 2707 fecit,
819 2636 850 2692 et
871 2633 1042 2710 propediem
1063 2634 1099 2693 sd
1121 2654 1169 2696 mo
1183 2636 1340 2697 transmis-

224 2763 312 2806 surus
344 2745 401 2820 cst)
433 2741 494 2802 suis
525 2740 685 2800 immisceri
717 2746 748 2800 et
778 2742 921 2819 conjungi
952 2742 1008 2800 sub
1037 2742 1081 2819 pii
1104 2743 1260 2820 cujusdam
1281 2745 1341 2806 viri

226 2855 302 2934 (sine
324 2852 457 2928 nomine)
478 2851 585 2926 titulo,
607 2851 647 2910 ad
667 2850 813 2926 majorem
833 2850 987 2911 doctrines
1009 2870 1096 2925 suas,
1112 2871 1203 2929 quam
1216 2853 1248 2912 in
1262 2828 1356 2930 epis-N

224 2963 296 3024 tolis
328 2962 410 3022 hisce
440 2960 504 3021 suis
535 2960 693 3036 proposuit
723 2958 1000 3036 comprobationem
1028 2964 1058 3020 et
1080 2961 1339 3023 confirmationem

225 3071 450 3134 ostendendam.
491 3069 541 3130 sie
562 3087 684 3146 sperare
704 3087 760 3128 nos
780 3068 942 3130 veritatem
958 3069 1013 3130 sub
1027 3071 1192 3146 plausibuli
1206 3074 1238 3132 et
1251 3075 1340 3150 gnato

225 3183 350 3242 authore
371 3182 403 3239 st
423 3177 514 3239 titulo
531 3176 650 3237 facilius
672 3179 842 3252 promotam
862 3177 901 3235 iri
922 3181 979 3237 eto.
1021 3176 1100 3248 Quid
1120 3179 1159 3237 ad
1180 3180 1251 3240 haec
1276 3199 1340 3241 res·

225 3307 375 3368 pensurus
396 3287 452 3361 sit,
472 3279 620 3364 languens
638 3285 751 3345 basreo
772 3287 804 3344 ot
824 3289 955 3360 expecto.
996 3286 1113 3346 Nactus
1134 3306 1251 3364 quoque
1273 3307 1341 3348 sum

225 3398 306 3458 hisce
336 3394 442 3455 diebus
473 3393 725 3454 examinationem
755 3395 987 3454 annotationum
1017 3394 1113 3456 Bonae
1140 3397 1341 3459 aRombsrto

226 3511 340 3569 nostro.
382 3504 430 3563 Ab
452 3502 554 3563 codem
569 3481 663 3579 *potes
677 3505 713 3561 tu
727 3503 886 3579 epistolam
900 3505 939 3564 ad
953 3503 1167 3566 Oornhartium
1184 3507 1339 3584 (nancisci)

227 3633 302 3692 quao
334 3612 428 3690 priori
458 3611 603 3688 epistolae
636 3612 674 3670 sd
696 3611 850 3672 Danseum
878 3615 984 3690 utpote
1016 3616 1149 3691 ejusdem
1171 3619 1344 3694 argumenti

227 3723 364 3786 subnecti
385 3721 485 3782 debet.
526 3719 612 3791 Quod
633 3723 659 3782 si
680 3722 847 3799 predictam
867 3724 1117 3786 examinationem
1144 3746 1263 3805 quoque
1291 3729 1343 3788 de-

227 3833 370 3909 scriptam
389 3831 447 3893 tibi
466 3832 514 3893 hic
535 3832 626 3909 velis,
647 3833 700 3892 ubi
719 3834 775 3894 hoo
796 3852 979 3912 cognovero,
1001 3835 1078 3896 dabo
1100 3856 1237 3914 operam,
1253 3842 1287 3899 ut
1303 3840 1342 3899 ab

227 3942 330 4003 eodem
361 3941 458 4001 scriba
488 3942 688 4014 describatur3
732 3960 914 4019 quamquam
945 3963 1013 4002 eum
1040 3944 1106 4021 jam
1137 3963 1199 4006 osse
1230 3946 1343 4008 laboris

227 4049 404 4110 existimem.
456 4049 638 4126 Epistolam,
670 4049 757 4125 cujus
788 4054 859 4111 anto
890 4052 1028 4126 memini,
1061 4053 1132 4129 quia
1152 4055 1199 4114 -ad
1219 4075 1344 4116 manum

227 4158 333 4234 habui,
356 4158 414 4218 tibi
435 4178 514 4220 nunc
535 4178 597 4218 uno
618 4159 838 4220 communicare
859 4161 957 4234 volui;
990 4165 1027 4222 ut
1047 4181 1102 4240 per
1121 4166 1153 4223 te
1173 4164 1272 4242 prima
1293 4183 1343 4225 oc·

227 4267 346 4328 cesione
377 4267 498 4327 domino
529 4254 646 4328 doctori
670 4267 819 4342 Ackema,
842 4269 979 4344 quicum
1002 4291 1021 4331 a
1041 4293 1088 4332 me
1109 4273 1214 4349 petiit,
1237 4273 1344 4332 simili·

214 4379 274 4457 ter
304 4375 549 4436 communicetur.
600 4376 632 4435 ls
662 4394 746 4452 spem
776 4376 851 4436 mihi
881 4397 977 4454 nuper
1006 4380 1078 4441 fecit
1098 4381 1135 4441 de
1156 4381 1290 4444 adventu
1310 4381 1344 4442 in

262 4624 286 4692 1)
322 4615 501 4674 Schwencklsld
518 4615 568 4674 und
589 4616 739 4676 Cratouldua.
