3020 5360
299 492 357 556 114
708 511 842 554 suenrus
868 510 996 553 unsrun.

298 692 474 754 permanere
498 678 530 734 et
548 673 604 735 sub
626 671 750 734 consilio
770 671 935 749 insignium
957 675 988 732 st
1008 673 1172 748 proborum
1195 675 1314 752 aliquot
1335 675 1427 738 viro·

296 805 365 844 rum
394 785 458 862 regi
488 784 583 845 donec
614 781 696 843 Deus
723 783 788 859 ipse
809 781 891 842 viem
911 784 1094 842 monstraret
1115 782 1154 841 od
1175 784 1266 842 ulium
1286 783 1425 845 formam

296 894 477 972 reipublicae
499 893 727 969 suscipiendam.
768 892 809 950 Et
829 910 909 950 nunc
930 910 984 966 per
1003 892 1083 952 hunc
1104 893 1277 965 electorem,
1300 894 1326 953 si
1349 893 1426 970 ipsi,

296 1007 333 1066 ut
353 1003 480 1076 (licitur,
511 1005 574 1062 tres
596 1001 649 1061 elii
670 1001 819 1061 seculares
842 1000 986 1061 electores
1010 1001 1143 1061 subsidio
1164 1003 1265 1062 edesse
1290 1003 1423 1076 volunt,

297 1111 411 1172 occasio
432 1113 521 1171 offert
552 1131 574 1184 ·,
597 1113 663 1170 turn
685 1110 833 1171 cumillis
854 1114 921 1171 turn
943 1109 1035 1169 etism
1056 1129 1124 1168 oum
1140 1110 1208 1169 eliis
1228 1110 1424 1188 principibus

296 1221 534 1296 protestantibus
547 1221 576 1296 1)
609 1219 714 1280 foedus
745 1220 868 1280 ineundi
901 1220 985 1280 selva
1017 1223 1122 1279 nostra
1147 1221 1368 1298 gubernatione
1391 1224 1425 1282 et

295 1329 446 1389 libertate.
488 1330 551 1390 Hos
581 1330 686 1390 literas
713 1332 749 1389 ut
783 1349 874 1407 supra
893 1330 1026 1390 indicavi
1042 1329 1108 1404 jem
1129 1333 1199 1388 ente
1220 1347 1424 1407 conceperem

298 1440 388 1513 etque
420 1438 511 1498 etiem
535 1440 732 1512 occluserum,
765 1439 818 1499 sed
849 1442 955 1515 postea
983 1458 1002 1497 e
1021 1438 1170 1496 mittendo
1191 1457 1238 1496 me
1260 1439 1422 1511 continui,

297 1546 391 1605 donec
423 1548 534 1608 certius
567 1548 639 1625 quid
671 1567 887 1626 cognoscerem.
939 1547 1027 1607 Nunc
1060 1566 1130 1607 vero
1162 1547 1200 1606 ed
1221 1549 1291 1606 tues
1310 1547 1423 1608 literas

297 1657 431 1732 responsi
454 1658 520 1718 loco
553 1658 756 1717 transmittere
781 1676 830 1716 ess
852 1656 942 1717 volni.
984 1654 1157 1732 Expectabo
1174 1657 1241 1731 jem
1260 1657 1350 1717 eride
1374 1675 1423 1716 se-

296 1765 409 1825 cundus
429 1767 514 1837 tues,
534 1766 571 1824 ut
590 1764 760 1843 intelligam
780 1757 890 1836 exiis,
912 1763 985 1840 quid
1007 1764 1125 1823 consilii
1145 1765 1263 1841 cepturi
1285 1765 1373 1840 sitis,
1390 1768 1423 1826 et

296 1872 329 1931 in
353 1892 412 1950 quo
432 1875 516 1933 stetu
536 1873 692 1951 negocium
711 1874 787 1933 illud
809 1891 890 1932 nunc
913 1873 1074 1945 consistat,
1103 1892 1143 1932 un
1165 1874 1257 1933 etism
1282 1865 1422 1935 Herodes

296 1967 328 2041 ct
347 1981 465 2041 Pilatus
484 1981 517 2041 in
540 1982 620 2042 idem
641 1982 703 2042 sint
723 1981 911 2042 conventuri.
952 1981 1087 2057 Dissipet
1110 1981 1256 2042 Dominus
1277 1984 1421 2060 gentium

296 2091 439 2162 consiliu,
470 2089 626 2166 nostrique
656 2088 779 2148 undem
810 2089 989 2149 misereatur
1020 2090 1059 2148 ud
1090 2090 1191 2168 magni
1215 2092 1347 2151 nominis
1373 2093 1421 2153 sui

296 2199 432 2278 gloriam.
473 2199 581 2258 Amen.
612 2196 710 2283 'Quod
730 2196 778 2256 hic
799 2199 938 2273 coeptum
959 2200 1006 2258 est
1032 2216 1093 2257 non
1115 2201 1217 2274 potest
1238 2199 1321 2274 sisti,
1342 2220 1420 2261 nam

294 2309 359 2385 jem
379 2307 456 2368 Saxo
478 2309 513 2367 tle
534 2307 716 2386 Lauenburg
736 2306 975 2384 choriepiscopus
995 2307 1116 2368 nomine
1137 2309 1265 2384 capituli
1287 2310 1418 2372 hostilio
1501 2327 1502 2380 3

295 2415 393 2475 multe
417 2433 504 2493 egere
524 2401 647 2491 incipit,
683 2414 735 2473 sed
756 2415 794 2473 ub
815 2414 943 2475 electore
963 2418 1140 2491 expectetur
1160 2416 1222 2477 dies
1245 2423 1418 2481 conventus

296 2525 432 2582 statuum
451 2522 540 2598 hujus
561 2523 743 2595 dioeceseos,
765 2523 817 2599 qui
837 2523 874 2582 27
897 2525 1049 2600 sequentis
1064 2529 1180 2603 egetur.
1223 2525 1417 2590 Circulorum

296 2634 478 2693 conventum
510 2632 615 2692 dieunt
645 2634 769 2709 propter
788 2632 869 2693 hune
889 2633 922 2692 in
942 2611 1029 2693 Febr.
1051 2634 1196 2711 rejectum
1219 2654 1291 2697 esse.
1333 2637 1416 2699 Gon·

295 2743 405 2802 ventus
424 2741 480 2801 ille.
498 2743 634 2801 statuum
653 2741 767 2818 poterit
785 2743 834 2802 vel
854 2742 967 2802 bellum
989 2744 1038 2804 vel
1059 2763 1164 2821 pacem
1185 2746 1272 2820 dure,
1293 2747 1330 2808 de
1353 2769 1416 2827 quo

295 2849 353 2910 tibi
370 2852 458 2928 plure
476 2850 611 2926 proxime
634 2850 750 2925 scripsi.
789 2850 827 2910 In
846 2850 902 2911 hoc
925 2855 1076 2912 conventu
1097 2853 1198 2914 omnia
1214 2858 1321 2916 contre
1335 2859 1415 2919 elec·
1500 2911 1501 2942 ,

295 2963 391 3021 torem
413 2959 553 3020 concluse
574 2960 646 3018 sunt
661 2959 702 3036 1).
743 2959 815 3020 Det.
839 2959 876 3018 19
899 2960 1027 3020 Jenuor.
1049 2961 1138 3024 1583.

679 3588 720 3628 ΔΙ)
741 3589 855 3633 Aurum
876 3592 1029 3637 ISBBANDI.

1132 3755 1150 3814 8
1171 3756 1257 3818 Febr.
1281 3759 1370 3820 1583.

332 3923 476 3984 Salutem.
518 3925 600 3996 Quae
629 3945 710 3986 nuno
742 3927 878 3989 dominos
901 3930 1063 4007 deputatos
1084 3937 1205 3994 nostros
1225 3935 1300 3996 scire
1322 3957 1412 4016 expe·

252 4081 253 4086 ,
293 4031 340 4091 dit
370 4050 405 4091 ee
434 4032 514 4093 binis
532 4033 629 4094 literis
647 4035 709 4112 jsrn
730 4038 802 4096 ante
823 4037 862 4096 nd
883 4037 1030 4117 insignem
1052 4042 1200 4117 quendem
1220 4043 1320 4104 virum
1341 4066 1412 4122 per·
1498 4097 1499 4112 .

293 4139 398 4215 scripsi
408 4142 449 4217 2).
501 4141 617 4201 Herum
648 4143 806 4203 literarum
839 4147 974 4223 exempla
1003 4151 1181 4212 transmitto
1212 4155 1243 4212 et
1270 4156 1412 4216 nonnihil

292 4247 340 4308 hic
363 4249 460 4310 lebori
481 4268 561 4322 mco,
587 4250 639 4328 qui
661 4249 797 4329 ulioqnin
816 4253 1009 4332 undiquaque
1030 4257 1104 4316 satis
1130 4277 1256 4336 mugnus
1278 4262 1354 4321 mihi
1371 4266 1410 4325 ab

292 4355 396 4416 amicis
423 4355 593 4429 exhibetur,
616 4376 746 4432 peream.
787 4359 913 4420 Utinam
935 4381 1014 4423 nuno
1032 4364 1195 4441 impetrare
1217 4369 1254 4427 eb
1270 4371 1410 4435 omnibus

292 4472 483 4482 ——--—---

327 4521 351 4584 l)
386 4521 440 4570 Von
456 4519 548 4570 Albede
567 4519 734 4588 hinzngetiigt.

326 4615 351 4678 2)
386 4613 478 4664 Albula
487 4615 541 4680 sngt
552 4632 583 4667 nn
593 4618 700 4669 Ackemn
709 4619 794 4711 hinnu:
810 4623 878 4682 ,Tne
888 4623 991 4688 epistola
1001 4624 1041 4676 hic
1052 4625 1174 4678 oblivione
1185 4628 1275 4678 omissa
1286 4633 1351 4679 cst.”
