3028 5348
249 502 289 562 34
666 515 801 560 saeuus
821 514 949 560 smnus.

247 681 280 740 et
299 676 476 740 seditionem
497 677 643 739 excitatis.
684 675 811 755 Hispani
832 649 976 738 dicuntur
995 695 1050 754 pro
1070 680 1152 738 certo
1167 677 1283 738 abitum
1298 697 1370 738 mu·

246 786 306 847 liri.
357 787 473 859 Quaeso
504 805 626 865 operam
656 787 710 862 da,
742 789 779 846 ut
801 787 961 863 adjunctae
984 785 1091 847 literae
1113 786 1153 846 ad
1173 789 1291 848 nostros
1311 808 1370 848 ve·

126 943 127 946 ,
246 895 342 958 uiant.
382 895 464 956 Bene
487 897 555 957 vale
575 894 624 957 vir
649 895 870 969 amantissime,
891 895 1025 956 resaluta
1043 914 1146 956 omnes
1166 914 1294 972 qnorum
1306 915 1367 956 no·

246 1004 325 1066 mino
345 1025 393 1065 me
413 1005 562 1067 salutasti.

286 1112 337 1174 An
356 1114 458 1175 omniu
482 1114 679 1192 epistolarum
700 1115 854 1176 volumina
877 1134 947 1176 cum
970 1114 1068 1191 primo
1092 1117 1174 1176 tomo
1194 1134 1249 1192 pro
1267 1114 1368 1174 nobili

246 1220 305 1283 istu
325 1221 478 1300 glutinata
498 1221 607 1282 habero
627 1221 718 1298 velis,
739 1225 794 1284 aut
814 1221 905 1297 rude,
926 1223 1061 1300 proximo
1075 1223 1233 1302 significes.
1275 1221 1369 1282 Salu-

247 1334 317 1393 tant
335 1334 367 1391 te
386 1330 454 1391 mei.
1154 1333 1158 1340 '

288 1439 444 1518 Coloniae,
467 1441 503 1502 ll
524 1441 594 1503 Jau.
617 1442 705 1504 1580.

963 1551 1046 1612 Tuus
1066 1571 1101 1611 ex
1125 1549 1242 1624 animo,

914 1657 1104 1726 tabanus
1124 1657 1302 1720 ALBADA.

655 2263 785 2306 nummo
814 2262 954 2306 UFFKENS.

941 2424 1037 2501 nan,
1062 2427 1097 2487 11
1119 2427 1189 2488 Jan.
1215 2425 1303 2486 1580.

287 2635 432 2696 Salutem.
474 2636 556 2707 Quae
580 2651 599 2694 u
621 2651 685 2706 me,
706 2633 754 2694 vir
774 2634 1046 2710 praestantissime,
1067 2632 1218 2711 prioribus
1244 2631 1306 2694 tuis
1327 2633 1369 2693 li·

246 2745 321 2806 teris
345 2743 524 2821 postulasti,
546 2743 584 2803 ad
604 2760 639 2802 ea
656 2743 721 2820 jam
742 2745 813 2802 ante
833 2742 988 2820 respondi,
1009 2761 1065 2802 nec
1085 2742 1166 2820 quod
1179 2741 1287 2802 addam
1301 2741 1368 2804 illis

153 2860 157 2867 '
246 2871 301 2931 pro
321 2855 377 2914 huo
398 2853 462 2914 vice
484 2852 645 2931 quiequam
666 2852 781 2926 hubac,
813 2853 864 2913 sed
883 2871 990 2931 rogare
1014 2855 1045 2913 te
1066 2852 1176 2914 iterum
1197 2851 1305 2927 debeo,
1327 2857 1368 2916 ut

246 2963 321 3026 nihil
342 2949 438 3042 magis
462 2961 682 3033 curae,babeas
695 2995 710 3037 ,·
731 2981 822 3039 quam
842 2961 948 3039 quovis
969 2950 1056 3022 modo
1080 2963 1137 3022 hoo
1157 2981 1258 3021 rerum
1279 2964 1367 3023 statu

246 3073 279 3134 in
311 3073 368 3133 hoc
402 3070 591 3145 incumbere,
623 3089 683 3148 quo
718 3070 743 3131 si
773 3090 835 3131 non
865 3069 952 3148 plene
984 3073 1016 3131 ot
1036 3070 1174 3130 absolute
1197 3069 1304 3132 civitas
1333 3075 1368 3132 et

246 3203 317 3263 ager
347 3182 428 3243 inter
448 3201 478 3242 se
499 3180 745 3256 reconcilientur,
767 3181 875 3242 saltem
897 3180 1043 3257 ejusmodi
1063 3179 1275 3257 compromisso
1293 3179 1367 3242 illos

245 3293 352 3352 mutuo
373 3291 605 3370 constringatis,
626 3294 662 3351 ut
682 3291 784 3351 neutri
807 3290 898 3352 liceat
921 3290 1000 3350 circa
1021 3289 1082 3350 alia
1112 3291 1237 3370 negocia
1267 3290 1367 3352 ullum

115 3483 118 3486 Ι
246 3401 402 3463 consilium
424 3419 544 3478 capere,
566 3420 602 3462 ex
626 3420 685 3478 quo
710 3400 799 3461 alteri
819 3399 900 3477 purti
914 3399 1136 3460 incommodum
1151 3404 1205 3461 aut
1219 3401 1367 3478 pernities

245 3510 348 3590 aliqua
368 3508 439 3569 oriri
462 3510 577 3588 possit,
599 3513 630 3572 et
650 3511 682 3571 in
703 3511 763 3571 isla
783 3509 866 3571 civili
887 3510 1092 3571 controversia
1119 3529 1210 3590 quam
1226 3509 1309 3588 ¹inter
1332 3531 1366 3572 se

246 3619 359 3682 habent
379 3619 484 3682 ambae
504 3623 606 3699 partes
627 3623 707 3686 stare
718 3605 865 3699 cogantur
878 3618 1000 3680 illorum
1010 3621 1124 3698 jndicio
1139 3623 1170 3681 et
1184 3620 1366 3698 sententiae,

245 3749 320 3811 quos
350 3729 383 3790 in
405 3731 542 3792 ’arbitrus
562 3733 599 3792 ut
619 3731 700 3792 viros
727 3730 889 3808 prudentes
913 3731 945 3790 et
964 3748 1074 3809 aequos
1098 3730 1241 3811 utrinque
1264 3733 1366 3794 nomi·

245 3840 385 3903 noverint
416 3843 447 3904 et
476 3842 628 3922 elegerint.
679 3841 743 3921 Ego
763 3842 801 3902 de
820 3841 905 3902 nulla
925 3861 958 3902 ra
979 3841 1059 3920 apud
1079 3861 1133 3904 nos
1153 3842 1248 3917 adeo,
1270 3861 1365 3919 quam

247 3951 283 4012 de
313 3952 421 4012 mutua
451 3951 610 4013 concordia
642 3951 789 4012 sollicitus
821 3970 905 4026 sum,
937 3954 969 4013 et
989 3952 1025 4011 de
1046 3952 1102 4013 tali
1122 3952 1305 4031 magistratu
1329 3955 1365 4014 et

246 4059 415 4136 officiariis,
436 4059 489 4137 qui
506 4078 572 4120 eam
593 4059 782 4120 concordium
804 4057 1014 4123 benevolentia
1033 4063 1064 4123 et
1085 4060 1237 4123 suavitate
1250 4080 1365 4122 sermo·

245 4169 293 4230 nis
313 4172 345 4230 et
364 4188 481 4230 morum
501 4168 622 4246 ipsimet
641 4188 759 4249 quoque
779 4173 889 4232 natura
909 4170 1057 4232 moderati
1081 4173 1112 4232 et
1130 4172 1211 4232 lenes
1232 4171 1365 4234 existen·

245 4293 289 4342 les
320 4297 497 4342 conservare
524 4282 646 4356 queant.
699 4278 757 4341 Sed
784 4281 820 4341 de
851 4281 907 4342 hac
938 4301 970 4342 re
997 4283 1029 4342 et
1049 4282 1086 4343 de
1109 4284 1193 4344 statu
1214 4282 1365 4346 exereitus

244 4389 378 4450 hostium
408 4390 581 4449 nostrorum
607 4389 640 4449 in
669 4389 766 4450 literis
787 4390 825 4451 ad
846 4408 1022 4470 generosum
1049 4391 1189 4452 comitem
1211 4391 1365 4470 gubernu-

248 4502 343 4560 torem
364 4501 501 4560 nostrum
522 4499 600 4561 detis
620 4499 710 4577 plura
725 4498 869 4561 inuenies.
910 4499 983 4578 Spes
1009 4501 1092 4577 pacis
1117 4501 1251 4562 nondum
1274 4519 1365 4577 pror-

245 4629 296 4671 sus
326 4603 476 4687 praescisa
506 4614 561 4672 est.
601 4609 681 4672 Nam
710 4611 820 4672 nudius
841 4611 953 4672 tertius
972 4611 1079 4684 literas
1109 4612 1148 4674 ab
1180 4613 1366 4690 imperatore
