3020 5360
515 458 672 503 uuuanaro
692 457 822 502 aurunt.
1178 440 1217 504 95

108 624 167 700 rio,
197 624 434 702 progrediamur.
485 621 551 692 Qua
581 622 617 681 de
647 638 679 680 re
699 639 735 680 ex
762 618 841 679 binis
862 619 935 679 meis
955 603 1076 693 literis,
1091 639 1219 698 quarum

108 751 181 792 unas
206 732 245 792 ad
277 732 445 809 praesidem
475 729 589 807 Aysma
601 729 648 806 1),
680 729 792 790 alteras
822 728 861 789 ad
890 729 1006 806 legatos
1035 732 1155 790 nostroe
1169 731 1218 809 2),

108 840 158 917 qui
176 859 254 900 nune
275 837 462 916 Antverpiae
484 839 572 913 sunt,
592 837 676 909 dedi,
704 837 796 896 latius
818 837 1001 918 sententiam
1022 855 1121 897 meam
1148 857 1217 916 per·

106 949 221 1025 spiciea;
242 948 403 1025 adjunctae
424 949 496 1006 eunt
516 948 547 1005 ct
568 945 676 1005 tertiae
690 945 720 1022 3)
743 944 781 1004 ad
800 930 918 1004 Milium
938 944 971 1005 in
984 946 1109 1006 eandem
1122 947 1216 1009 ratio·

105 1075 170 1116 nem
190 1055 329 1133 scriptae.

143 1164 196 1226 Est
215 1182 286 1241 pars
308 1163 504 1240 Hellandiae,
526 1183 602 1240 quae
625 1165 656 1224 et
672 1162 770 1223 Frisia
782 1168 922 1238 vocatur,
938 1163 990 1224 sed
1003 1164 1058 1226 snb
1072 1183 1108 1225 ea
1121 1164 1219 1226 Frisia

104 1276 204 1334 nostra
225 1292 288 1333 non
311 1273 593 1351 comprehenditur,
615 1273 658 1333 sic
679 1274 732 1349 qni
756 1274 941 1352 gubernator
961 1277 993 1336 et
1013 1293 1131 1352 praeses
1145 1274 1220 1335 Hol-

103 1383 218 1442 landiae
251 1387 313 1457 est,
344 1383 425 1443 idern
456 1382 549 1442 etiarn
576 1381 734 1441 Zelandiae
759 1384 790 1441 et
813 1381 928 1443 Frisiae
948 1382 1076 1456 dicitur,
1098 1383 1151 1444 alii
1173 1387 1220 1445 ta·

104 1511 170 1552 men
200 1495 238 1554 ab
268 1494 323 1565 iis,
355 1493 407 1569 qui
438 1491 671 1570 gubernatorem
706 1493 737 1550 et
767 1491 934 1569 praesidem
958 1497 1081 1553 nostrae
1104 1492 1219 1559 Frisiae

105 1603 205 1677 agunt.
248 1601 331 1660 Idem
352 1599 513 1660 discrimen
535 1598 631 1658 adhuc
653 1598 788 1658 obtinere
809 1598 950 1660 arbitror.
977 1645 980 1651 .

143 1709 232 1768 Mitto
263 1708 321 1770 tibi
350 1708 455 1767 literas
487 1707 578 1779 istas,
614 1725 688 1783 quas
710 1707 804 1782 petis,
826 1707 935 1784 quibus
956 1707 1032 1770 alias
1053 1709 1128 1772 duas
1148 1731 1220 1778 oon.

99 1815 201 1892 junxi,
225 1833 302 1893 quac
319 1833 425 1876 causas
449 1814 584 1891 priorum
605 1814 757 1890 explicant
770 1815 813 1891 4).
855 1815 1006 1878 Putabam
1025 1837 1078 1879 eas
1098 1820 1221 1899 literae,

103 1943 175 2004 quas
208 1923 273 1982 sola
303 1921 467 1982 necessitas
499 1923 530 1982 et
557 1925 656 1982 metue
679 1921 884 1999 Hispanorum
903 1925 978 1984 mihi
999 1928 1065 1987 tum
1088 1932 1220 1993 extorse-

103 2038 186 2110 rant,
209 2032 247 2092 iis
269 2031 453 2092 cessantibus
475 2032 565 2108 paulo
586 2035 656 2108 post
677 2035 851 2108 revocatas,
869 2034 935 2111 jam
954 2035 1071 2113 pridem
1091 2037 1123 2099 in
1143 2039 1220 2100 obli·

105 2142 224 2205 vionem
249 2142 374 2204 venisse.
415 2141 658 2219 Interceptarum
677 2143 834 2203 literarum
854 2146 1005 2222 exemplar
1025 2146 1164 2209 similiter
1179 2149 1222 2227 5),

104 2257 140 2313 ut
161 2253 260 2330 petis,
280 2253 387 2326 mitte,
410 2252 462 2311 aed
482 2271 558 2329 quae
576 2252 725 2329 judicium
746 2273 847 2313 meum
868 2255 904 2314 de
927 2256 1096 2318 mutatione
1119 2261 1220 2334 potes·
1279 2253 1281 2256 ’

104 2363 176 2423 tatis
206 2363 379 2437 continent,
407 2380 457 2422 aas
481 2364 605 2440 propter
625 2363 806 2438 periculum,
829 2365 911 2443 quod
930 2365 963 2425 in
983 2366 1091 2426 itinere
1115 2385 1219 2428 occur·

106 2491 170 2532 rere
204 2474 332 2550 poterit,
365 2472 572 2532 transmittere
592 2489 654 2532 non
673 2472 778 2533 audeo.
819 2473 883 2535 Neo
899 2475 965 2552 jam
985 2476 1115 2552 amplius
1136 2469 1220 2540 locus

105 2585 151 2644 est
176 2581 392 2643 consultationi
419 2580 488 2660 quis
518 2581 571 2639 sed
592 2580 763 2656 quateris,
785 2581 839 2658 qui
859 2583 971 2643 electus
991 2585 1047 2644 est.

135 2692 181 2752 vIn
201 2709 291 2752 causa
311 2707 395 2764 mea,
416 2691 452 2748 ut
475 2687 608 2764 proxime
630 2688 688 2748 tibi
708 2686 829 2764 scripsi,
856 2689 995 2751 dominus
1016 2690 1220 2757 Holtmannus

104 2819 224 2861 omnem
254 2800 328 2859 mihi
359 2817 481 2875 operam
512 2816 598 2858 suam
628 2798 777 2873 promisit.
829 2797 928 2869 Quare
959 2803 996 2862 ut
1025 2819 1105 2864 nune
1125 2804 1221 2867 instet

102 2910 280 2972 Fredericns
310 2927 496 2986 summopere
523 2927 592 2967 eum
612 2926 702 2985 rogo,
724 2906 838 2985 poterit
858 2907 951 2970 libere
970 2928 1039 2972 eum
1060 2914 1220 2978 convenire

104 3024 134 3083 et
155 3039 223 3081 cum
244 3038 278 3080 eo
300 3019 337 3080 de
356 3019 481 3097 negocio
502 3036 569 3077 meo
592 2995 733 3094 colloqui.

141 3129 272 3190 Domino
304 3129 453 3190 Writaero
485 3129 604 3189 utinam
633 3127 800 3207 gratificari
831 3147 955 3206 queam,
988 3129 1040 3192 sed
1064 3151 1145 3194 nuuc
1165 3155 1221 3212 pro

104 3240 166 3299 filio
195 3241 259 3318 ejus
289 3240 390 3300 locum
421 3239 502 3317 apud
534 3258 582 3298 me
614 3257 677 3299 non
707 3237 812 3298 habeo.
855 3236 1000 3316 Cogitabo
1022 3242 1140 3319 tamen,
1162 3265 1223 3322 qua

105 3349 223 3410 ratione
244 3349 345 3410 studia
359 3350 423 3425 ejus
436 3367 612 3426 promouere
626 3350 751 3426 potero,
772 3349 798 3408 si
819 3347 993 3410 intellexero
1013 3368 1168 3431 quousque
1189 3355 1223 3420 in

102 3459 171 3536 jure
194 3459 381 3536 peruenerit,
402 3461 433 3520 et
453 3477 514 3539 qua
534 3461 634 3520 aetate
656 3458 777 3519 existat.

143 3569 380 3644 Medicamento,
401 3569 481 3646 quod
508 3588 544 3629 ex
566 3569 664 3629 cassia
684 3567 852 3643 ordinavit,
873 3567 921 3630 uti
934 3571 1032 3648 ooepi,
1047 3571 1099 3634 sed
1112 3577 1224 3638 natura

107 3679 199 3739 etiam
227 3677 378 3738 lenissima
409 3696 544 3758 quaeque
582 3678 709 3756 refugit3
741 3677 894 3739 ordinaria
924 3678 1034 3759 quibus
1059 3683 1130 3744 utor
1149 3684 1224 3748 haee

107 3791 193 3848 sunt:
225 3786 315 3868 Aqua
346 3789 377 3848 ct
397 3787 516 3847 radices
537 3787 732 3865 petroselini,
752 3788 838 3855 illam
858 3789 946 3866 potui
970 3790 1148 3868 permisceo,
1169 3796 1223 3859 has

106 3897 241 3976 quotidie
258 3896 323 3956 edo.
364 3895 588 3976 Nonnunquam
608 3897 713 3959 uinum
735 3917 804 3958 curn
827 3897 917 3958 ononi
938 3899 1080 3962 calefacio
1099 3906 1131 3963 et
1143 3903 1223 3982 bibo,

105 4027 185 4090 ungo
216 4008 315 4068 latera
342 4009 373 4069 et
393 4025 479 4068 renes
499 4006 561 4068 fere
582 4007 709 4087 singulis
731 4008 851 4087 dicbus,
873 4010 993 4089 quando
1013 4030 1048 4073 eo
1068 4012 1222 4094 cubitum,

136 4206 162 4270 1)
198 4204 245 4257 ruo.
262 4206 303 4257 54.

137 4302 163 4366 2)
199 4301 246 4354 No.
263 4300 305 4354 ⁵⁷.

138 4399 164 4462 3)
200 4397 247 4447 No·
265 4395 306 4448 58.

138 4497 164 4558 4)
201 4494 247 4542 No.
266 4492 462 4552 9,11uud30.

139 4591 164 4654 5)
200 4589 247 4641 No.
263 4588 305 4641 40.
