3020 5360
273 463 313 528 98
690 475 824 519 cosanus
844 473 971 520 anesus.

272 612 413 703 exercitio
434 657 489 716 pro
510 639 633 699 externo
654 635 787 714 ipsorum
805 635 926 697 homine
947 654 1022 713 opus
1040 636 1074 697 in
1093 634 1139 696 his
1153 655 1217 697 esee
1230 636 1396 699 existimat

270 769 332 812 non
352 748 545 828 magistratui
564 747 715 826 praecepit
735 758 868 827 unquam
887 747 937 808 vel
963 746 1061 806 adhuc
1087 746 1249 824 praecipit,
1280 749 1315 806 ut
1335 747 1397 806 ille

272 877 342 944 suos
365 859 520 920 ministros
539 857 723 930 constituat,
745 855 796 915 sed
816 853 953 916 Christus
973 855 1036 931 ipse
1052 856 1098 916 vel
1111 855 1284 916 immediate
1297 860 1397 918 vocat

272 988 324 1032 eos
350 988 463 1050 suaque
493 968 607 1030 virtute
638 964 753 1038 induit,
785 965 833 1026 vel
865 964 994 1024 mediate
1015 984 1068 1042 per
1089 964 1244 1024 ecclesiam
1266 966 1313 1027 vel
1334 965 1396 1044 qui

272 1079 299 1140 ei
320 1079 467 1156 praesunt
486 1077 590 1136 afflatu
610 1075 741 1152 Spiritus
761 1074 866 1135 Sancti
885 1074 1006 1135 ordinat
1027 1094 1089 1147 eos;
1112 1074 1222 1155 quique
1244 1075 1287 1136 sic
1307 1075 1396 1134 ordi·

272 1188 338 1250 nati
363 1189 435 1248 sunt
453 1205 516 1247 non
536 1185 636 1246 minus
657 1203 748 1266 quam
770 1183 908 1246 Christus
927 1186 959 1246 et
979 1185 1104 1246 ecelesia
1124 1204 1196 1246 suae
1216 1185 1392 1260 electioniS,

272 1298 317 1358 ita
336 1293 382 1356 illi
400 1292 566 1354 vocationis
588 1310 660 1351 suae
681 1291 757 1351 certi
778 1293 859 1351 sunt.

314 1406 399 1480 Quod
429 1406 642 1482 magistratum
672 1401 785 1461 attinet
808 1404 863 1460 aut
887 1419 947 1460 non
972 1403 1018 1461 ost
1038 1401 1205 1460 membrum
1229 1402 1391 1476 eeclesiae,

151 1537 154 1550 ’
273 1509 305 1576 et
334 1530 456 1593 prorsus
486 1512 524 1571 ab
545 1511 601 1576 hoc
620 1509 742 1586 negotio
763 1508 879 1568 alienus
901 1512 963 1581 est,
984 1511 1039 1570 aut
1058 1509 1226 1570 membrum
1246 1511 1392 1571 ecelesiae

272 1642 377 1687 reuera
407 1624 466 1695 est,
493 1624 560 1681 tum
580 1638 652 1680 sane
670 1619 797 1695 ipsemet
819 1618 893 1679 satis
914 1619 1065 1695 intelliget
1086 1638 1117 1679 se
1138 1620 1230 1680 aliam
1250 1619 1298 1680 hie
1319 1640 1393 1696 per·
1507 1661 1509 1686 ,

273 1752 378 1795 sonam
403 1731 436 1793 in
456 1749 548 1810 regno
574 1728 702 1804 Christi,
730 1747 821 1809 quam
844 1728 877 1787 in
897 1747 988 1806 regno
1011 1729 1117 1788 mundi
1138 1729 1301 1805 sustinere,
1331 1749 1392 1790 nce

272 1845 341 1923 plus
360 1841 418 1904 sibi
439 1839 630 1901 auctoritatis
650 1836 822 1915 arrogabit,
845 1854 936 1917 quam
959 1837 1015 1896 ulli
1037 1837 1089 1896 alii
1109 1837 1142 1898 in
1161 1838 1285 1899 ecclesia
1304 1856 1392 1899 com-

272 1953 360 2033 petit.
401 1950 495 2012 Nemo
526 1950 605 2011 enim
636 1949 684 2009 hic
714 1968 826 2026 parvus
853 1951 908 2008 aut
927 1967 1054 2026 magnus
1079 1948 1273 2024 aestimatur,
1294 1969 1392 2030 quam
1506 1935 1507 1938 ¹

272 2065 422 2143 quatenus
451 2062 500 2124 vel
522 2078 631 2137 parum
649 2060 698 2121 vel
716 2059 848 2119 multum
870 2058 987 2136 gratiae
1011 2058 1076 2118 Dei.
1092 2058 1296 2138 domorumque
1319 2057 1392 2135 Spi-

273 2173 351 2234 ritus
382 2171 486 2233 Sunoti
507 2171 599 2248 juxta
630 2165 969 2236 donationemcbristi
988 2171 1096 2228 nactus
1117 2168 1218 2228 fuerit.
1259 2168 1303 2230 Eo
1324 2188 1391 2230 ser-

273 2283 337 2346 vire
368 2284 503 2360 potestas
535 2281 600 2357 ejus
631 2278 743 2356 possit,
774 2281 811 2338 ut
841 2277 922 2357 quod
953 2277 1078 2338 ecelesia
1109 2277 1192 2354 pium
1220 2281 1251 2340 et
1267 2271 1359 2355 just'

273 2389 507 2466 existimaverit,
526 2391 563 2450 ut
582 2388 615 2447 id
635 2389 811 2464 promoveat
833 2388 863 2447 et
884 2388 1065 2464 exequatur,
1091 2406 1145 2465 per
1164 2406 1195 2447 se
1215 2387 1291 2446 nihil
1312 2405 1391 2467 qua-

272 2505 362 2563 tenus
381 2497 496 2560 scilicet
514 2498 611 2558 solum
632 2494 828 2574 magistratus
850 2499 911 2568 est,
933 2514 1021 2575 agere
1042 2495 1100 2556 sibi
1121 2495 1240 2556 licitum
1258 2499 1313 2557 est.

312 2611 370 2670 Per
389 2607 519 2688 gratiam
539 2606 597 2666 Dei
616 2605 753 2666 nonnihil
773 2605 859 2668 video
881 2623 956 2686 quae
979 2623 1069 2666 causa
1089 2605 1197 2682 fuerit,
1217 2606 1297 2685 quod
1319 2625 1390 2668 eru·

274 2719 332 2782 diti
362 2715 459 2778 nostri
485 2713 630 2792 temporis
658 2711 851 2792 magistratui
870 2715 955 2791 plus,
976 2733 1067 2794 quam
1087 2715 1133 2774 illi
1152 2713 1277 2776 debetur
1297 2715 1392 2776 attri-
1507 2759 1508 2774 2

272 2827 410 2904 buerint,
431 2825 483 2888 sed
503 2824 630 2886 materia
649 2825 795 2903 prolixior
816 2828 878 2900 est,
899 2844 991 2906 quam
1011 2825 1114 2887 uthis
1135 2824 1231 2886 literis
1244 2826 1392 2908 explicari

273 2942 380 3022 queat,
410 2955 503 3012 uuam
534 2938 636 2998 umen
665 2953 788 2995 causam
816 2934 961 3008 referam,
983 2953 1059 3015 quae
1083 2937 1143 3008 est,
1165 2935 1245 3015 quod
1265 2935 1392 3014 ipsimet

273 3049 354 3111 circa
373 3066 461 3109 suum
481 3065 591 3107 munus
613 3044 751 3106 aberrare
772 3044 937 3121 coeperint,
959 3045 1059 3121 majrrs
1080 3045 1159 3106 enim
1179 3044 1256 3105 illud
1275 3045 1391 3107 facien·
1507 3047 1508 3094 l

272 3163 335 3233 tes,
356 3177 446 3241 quom
466 3160 533 3219 erat
550 3157 649 3219 virtus
672 3157 745 3216 data
764 3153 802 3214 ad
824 3153 1080 3233 conservationem
1101 3153 1293 3215 auctoritatis
1315 3174 1390 3216 suae

272 3269 349 3332 nihil
382 3268 558 3346 repererunt
587 3263 710 3337 melius,
740 3282 831 3350 quam
862 3266 898 3323 ut
928 3263 1125 3341 magistratus
1155 3264 1389 3340 auctoritatem,

273 3398 350 3460 quae
380 3394 555 3455 promovere
585 3392 640 3435 sua
660 3377 775 3451 posset,
802 3373 996 3446 extollerent,
1026 3374 1078 3433 sed
1108 3372 1164 3434 hoc
1182 3372 1264 3435 facto
1283 3375 1390 3435 effece-

273 3490 360 3562 runt,
388 3487 425 3547 ut
450 3487 582 3564 utraque
598 3483 682 3560 justo
702 3481 760 3541 Dei
774 3480 889 3558 judicio
913 3480 947 3541 in
965 3481 1132 3557 periculum
1153 3481 1266 3542 veniat.
1306 3483 1389 3544 Nam

273 3599 384 3661 donum
405 3595 485 3675 quod
507 3594 685 3670 acceperant
705 3592 771 3652 ideo
792 3591 915 3652 tendas
939 3589 1082 3666 debebat,
1103 3593 1139 3652 ut
1161 3591 1274 3654 abusus
1294 3595 1389 3654 eccle-

266 3708 335 3769 'siae
356 3708 387 3768 et
410 3703 591 3782 reipublicae
615 3711 679 3765 tum
698 3703 731 3763 in
752 3701 843 3780 rebus
863 3708 927 3761 tum
940 3701 973 3762 iu
987 3701 1136 3780 personis,
1151 3721 1228 3783 quae
1242 3709 1389 3781 praesunt

273 3817 350 3891 illis,
371 3817 572 3877 ostenderent.
612 3813 727 3874 Deinde
748 3814 788 3873 ad
810 3810 962 3873 Christum
984 3803 1168 3891 relegarent,
1190 3813 1239 3874 cui
1252 3817 1389 3892 potestas
1506 3865 1507 3870 ,

272 3927 306 3988 in
325 3928 454 4005 utraque
474 3923 616 3998 debetur,
637 3925 674 3984 ut
694 3921 733 3984 ab
747 3941 781 3983 eo
795 3941 849 3999 per
862 3921 1079 3998 poenitentiam
1091 3922 1265 3984 reformatio
1279 3942 1389 3985 earun-

273 4040 341 4099 dem
362 4033 513 4099 continuis
534 4033 672 4112 precibus
692 4035 725 4094 et
744 4031 881 4108 suspiriis
902 4050 956 4108 per
976 4049 1077 4092 omnes
1090 4033 1312 4108 postularetur,
1334 4034 1389 4093 sed

273 4147 349 4228 proh
371 4146 472 4208 dolori
500 4163 555 4223 pro
576 4143 662 4205 donis
682 4141 813 4219 acceptis
838 4141 951 4201 mabm
976 4141 1107 4220 gratiam
1134 4139 1253 4204 Ohristo
1274 4145 1388 4205 retule-
1506 4127 1507 4132 ἵ

272 4262 359 4333 runt,
391 4258 437 4320 ita
466 4258 503 4318 ut
532 4273 587 4332 pro
617 4253 730 4332 gloriae
760 4255 792 4314 et
811 4250 971 4328 potestatis
994 4251 1088 4329 ipsius
1108 4251 1212 4313 amicis
1235 4259 1264 4313 et
1284 4252 1388 4314 defen-

273 4367 406 4440 soribus,
435 4363 550 4427 inimici
586 4364 618 4422 et
637 4362 740 4422 hostes
759 4361 823 4439 ejus
844 4359 935 4421 multi
956 4380 992 4421 ex
1011 4361 1061 4422 iis.
1073 4360 1147 4422 facti
1167 4362 1245 4437 sint,
1265 4363 1386 4423 utinam
1505 4365 1506 4370 ’

274 4481 306 4538 et
325 4474 458 4536 ministri
479 4475 510 4533 et
529 4470 740 4548 magistratus,
770 4469 823 4547 qui
847 4469 934 4530 hodie
956 4472 1043 4545 sunt,
1065 4470 1284 4532 aberrationem
1297 4491 1385 4549 prae·

272 4588 460 4649 decessorum
480 4581 604 4642 tandem
623 4579 791 4659 intelligere
812 4579 969 4658 incipiant.
1020 4580 1089 4641 Nisi
1109 4580 1142 4641 id
1166 4581 1211 4642 ita
1230 4581 1286 4643 fiat
1304 4583 1385 4642 mul·
