<?xml version="1.0" encoding="UTF-8"?>
<!DOCTYPE html PUBLIC "-//W3C//DTD XHTML 1.0 Transitional//EN"
    "http://www.w3.org/TR/xhtml1/DTD/xhtml1-transitional.dtd">
<html xmlns="http://www.w3.org/1999/xhtml" xml:lang="en" lang="en">
 <head>
  <title>
</title>
<meta http-equiv="Content-Type" content="text/html;charset=utf-8" />
  <meta name='ocr-system' content='tesseract 3.04.00' />
  <meta name='ocr-capabilities' content='ocr_page ocr_carea ocr_par ocr_line ocrx_word'/>
</head>
<body>
  <div class='ocr_page' id='page_1' title='image "./briefedesaggaeu00ackegoog_0148.png"; bbox 0 0 3020 5360; ppageno 0'>
   <div class='ocr_carea' id='block_1_1' title="bbox 468 487 1212 548">
    <p class='ocr_par' dir='ltr' id='par_1_1' title="bbox 468 487 1212 548">
     <span class='ocr_line' id='line_1_1' title="bbox 468 487 1212 548; baseline -0.003 -1"><span class='ocrx_word' id='word_1_1' title='bbox 468 507 509 548; x_wconf 74' lang='lat' dir='ltr'><strong>nn</strong></span> <span class='ocrx_word' id='word_1_2' title='bbox 530 505 692 548; x_wconf 70' lang='lat' dir='ltr'><strong>Asarinum</strong></span> <span class='ocrx_word' id='word_1_3' title='bbox 712 505 841 548; x_wconf 80' lang='lat' dir='ltr'><strong>umrun.</strong></span> <span class='ocrx_word' id='word_1_4' title='bbox 1153 487 1212 547; x_wconf 84' lang='lat'><strong>119</strong></span> 
     </span>
    </p>
   </div>
   <div class='ocr_carea' id='block_1_2' title="bbox 91 664 1215 851">
    <p class='ocr_par' dir='ltr' id='par_1_2' title="bbox 91 664 1215 851">
     <span class='ocr_line' id='line_1_2' title="bbox 91 664 1215 743; baseline -0.004 -15"><span class='ocrx_word' id='word_1_5' title='bbox 91 723 94 728; x_wconf 90' lang='lat'><em>.</em></span> <span class='ocrx_word' id='word_1_6' title='bbox 135 667 232 726; x_wconf 91' lang='lat' dir='ltr'><strong>Porro</strong></span> <span class='ocrx_word' id='word_1_7' title='bbox 254 667 335 742; x_wconf 87' lang='lat' dir='ltr'><strong>quod</strong></span> <span class='ocrx_word' id='word_1_8' title='bbox 359 666 609 732; x_wconf 81' lang='lat' dir='ltr'><strong>advolantatem</strong></span> <span class='ocrx_word' id='word_1_9' title='bbox 630 666 685 725; x_wconf 85' lang='lat' dir='ltr'><strong>Dei</strong></span> <span class='ocrx_word' id='word_1_10' title='bbox 706 667 835 739; x_wconf 75' lang='lat' dir='ltr'><strong>attinet,</strong></span> <span class='ocrx_word' id='word_1_11' title='bbox 857 684 932 743; x_wconf 89' lang='lat' dir='ltr'><strong>quae</strong></span> <span class='ocrx_word' id='word_1_12' title='bbox 947 685 983 724; x_wconf 81' lang='lat' dir='ltr'><strong>ex</strong></span> <span class='ocrx_word' id='word_1_13' title='bbox 996 665 1109 741; x_wconf 88' lang='lat' dir='ltr'><strong>scripto</strong></span> <span class='ocrx_word' id='word_1_14' title='bbox 1122 664 1215 725; x_wconf 89' lang='lat' dir='ltr'><strong>verbo</strong></span> 
     </span>
     <span class='ocr_line' id='line_1_3' title="bbox 92 763 1215 851; baseline -0.001 -18"><span class='ocrx_word' id='word_1_15' title='bbox 92 773 306 851; x_wconf 73' lang='lat' dir='ltr'>cognoscitur,</span> <span class='ocrx_word' id='word_1_16' title='bbox 339 763 484 849; x_wconf 83' lang='lat' dir='ltr'><strong>quorsum</strong></span> <span class='ocrx_word' id='word_1_17' title='bbox 508 791 583 851; x_wconf 92' lang='lat' dir='ltr'><strong>opus</strong></span> <span class='ocrx_word' id='word_1_18' title='bbox 604 776 650 833; x_wconf 92' lang='lat' dir='ltr'><strong>est</strong></span> <span class='ocrx_word' id='word_1_19' title='bbox 671 775 752 849; x_wconf 90' lang='lat' dir='ltr'><strong>apud</strong></span> <span class='ocrx_word' id='word_1_20' title='bbox 773 777 804 834; x_wconf 92' lang='lat' dir='ltr'><strong>te</strong></span> <span class='ocrx_word' id='word_1_21' title='bbox 825 774 918 836; x_wconf 89' lang='lat' dir='ltr'><strong>verba</strong></span> <span class='ocrx_word' id='word_1_22' title='bbox 939 773 1055 847; x_wconf 86' lang='lat' dir='ltr'><strong>facore,</strong></span> <span class='ocrx_word' id='word_1_23' title='bbox 1077 774 1129 851; x_wconf 92' lang='lat' dir='ltr'><strong>qui</strong></span> <span class='ocrx_word' id='word_1_24' title='bbox 1153 791 1215 832; x_wconf 90' lang='lat' dir='ltr'><strong>non</strong></span> 
     </span>
    </p>
   </div>
   <div class='ocr_carea' id='block_1_3' title="bbox 90 879 1343 959">
    <p class='ocr_par' dir='ltr' id='par_1_3' title="bbox 90 879 1343 959">
     <span class='ocr_line' id='line_1_4' title="bbox 90 879 1343 959; baseline 0.007 -22"><span class='ocrx_word' id='word_1_25' title='bbox 90 879 234 958; x_wconf 89' lang='lat' dir='ltr'><strong>ignoras,</strong></span> <span class='ocrx_word' id='word_1_26' title='bbox 266 901 358 958; x_wconf 89' lang='lat' dir='ltr'><strong>quam</strong></span> <span class='ocrx_word' id='word_1_27' title='bbox 388 882 523 958; x_wconf 85' lang='lat' dir='ltr'><strong>graviter</strong></span> <span class='ocrx_word' id='word_1_28' title='bbox 554 901 671 958; x_wconf 82' lang='lat' dir='ltr'><strong>semper</strong></span> <span class='ocrx_word' id='word_1_29' title='bbox 694 882 851 943; x_wconf 84' lang='lat' dir='ltr'><strong>Israelitae</strong></span> <span class='ocrx_word' id='word_1_30' title='bbox 875 885 907 942; x_wconf 90' lang='lat' dir='ltr'><strong>et</strong></span> <span class='ocrx_word' id='word_1_31' title='bbox 929 881 1020 940; x_wconf 86' lang='lat' dir='ltr'><strong>Judei</strong></span> <span class='ocrx_word' id='word_1_32' title='bbox 1044 882 1215 959; x_wconf 81' lang='lat' dir='ltr'><strong>reprehensi</strong></span> <span class='ocrx_word' id='word_1_33' title='bbox 1337 932 1343 946; x_wconf 84' lang='lat'><em>.</em></span> 
     </span>
    </p>
   </div>
   <div class='ocr_carea' id='block_1_4' title="bbox 93 975 1290 3787">
    <p class='ocr_par' dir='ltr' id='par_1_4' title="bbox 93 975 1290 3787">
     <span class='ocr_line' id='line_1_5' title="bbox 93 975 1216 1076; baseline 0 -28"><span class='ocrx_word' id='word_1_34' title='bbox 93 991 129 1048; x_wconf 88' lang='lat' dir='ltr'><strong>et</strong></span> <span class='ocrx_word' id='word_1_35' title='bbox 144 975 256 1066; x_wconf 45' lang='lat' dir='ltr'><strong>&#39;puniti</strong></span> <span class='ocrx_word' id='word_1_36' title='bbox 286 988 414 1076; x_wconf 80' lang='lat' dir='ltr'><strong>fuerint,</strong></span> <span class='ocrx_word' id='word_1_37' title='bbox 437 1009 506 1051; x_wconf 90' lang='lat' dir='ltr'><strong>cum</strong></span> <span class='ocrx_word' id='word_1_38' title='bbox 531 989 678 1048; x_wconf 81' lang='lat' dir='ltr'><strong>auxilium</strong></span> <span class='ocrx_word' id='word_1_39' title='bbox 703 1009 791 1050; x_wconf 89' lang='lat' dir='ltr'><strong>suum</strong></span> <span class='ocrx_word' id='word_1_40' title='bbox 812 990 861 1051; x_wconf 92' lang='lat' dir='ltr'><strong>vel</strong></span> <span class='ocrx_word' id='word_1_41' title='bbox 885 991 964 1067; x_wconf 89' lang='lat' dir='ltr'><strong>apud</strong></span> <span class='ocrx_word' id='word_1_42' title='bbox 991 990 1146 1067; x_wconf 85' lang='lat' dir='ltr'><strong>Aegiptios</strong></span> <span class='ocrx_word' id='word_1_43' title='bbox 1167 989 1216 1051; x_wconf 85' lang='lat' dir='ltr'><strong>vel</strong></span> 
     </span>
     <span class='ocr_line' id='line_1_6' title="bbox 93 1095 1214 1176; baseline 0.003 -22"><span class='ocrx_word' id='word_1_44' title='bbox 93 1095 229 1156; x_wconf 87' lang='lat' dir='ltr'><strong>Assirios</strong></span> <span class='ocrx_word' id='word_1_45' title='bbox 266 1101 357 1174; x_wconf 87' lang='lat' dir='ltr'><strong>atque</strong></span> <span class='ocrx_word' id='word_1_46' title='bbox 393 1099 486 1158; x_wconf 87' lang='lat' dir='ltr'><strong>etiam</strong></span> <span class='ocrx_word' id='word_1_47' title='bbox 517 1099 670 1159; x_wconf 88' lang='lat' dir='ltr'><strong>Romanos</strong></span> <span class='ocrx_word' id='word_1_48' title='bbox 703 1100 898 1176; x_wconf 65' lang='lat' dir='ltr'><strong>quaesierint.</strong></span> <span class='ocrx_word' id='word_1_49' title='bbox 940 1098 1003 1158; x_wconf 87' lang='lat' dir='ltr'><strong>Nec</strong></span> <span class='ocrx_word' id='word_1_50' title='bbox 1025 1099 1101 1159; x_wconf 87' lang='lat' dir='ltr'><strong>alius</strong></span> <span class='ocrx_word' id='word_1_51' title='bbox 1123 1099 1214 1158; x_wconf 88' lang='lat' dir='ltr'><strong>etiam</strong></span> 
     </span>
     <span class='ocr_line' id='line_1_7' title="bbox 93 1207 1214 1285; baseline 0.003 -21"><span class='ocrx_word' id='word_1_52' title='bbox 93 1207 294 1283; x_wconf 85' lang='lat' dir='ltr'><strong>protectionis</strong></span> <span class='ocrx_word' id='word_1_53' title='bbox 318 1207 442 1266; x_wconf 86' lang='lat' dir='ltr'><strong>illorum</strong></span> <span class='ocrx_word' id='word_1_54' title='bbox 464 1208 533 1267; x_wconf 91' lang='lat' dir='ltr'><strong>finis</strong></span> <span class='ocrx_word' id='word_1_55' title='bbox 557 1207 634 1281; x_wconf 87' lang='lat' dir='ltr'><strong>fuit,</strong></span> <span class='ocrx_word' id='word_1_56' title='bbox 657 1227 748 1285; x_wconf 89' lang='lat' dir='ltr'><strong>quam</strong></span> <span class='ocrx_word' id='word_1_57' title='bbox 769 1209 868 1285; x_wconf 88' lang='lat' dir='ltr'><strong>qualis</strong></span> <span class='ocrx_word' id='word_1_58' title='bbox 889 1209 938 1268; x_wconf 91' lang='lat' dir='ltr'><strong>hic</strong></span> <span class='ocrx_word' id='word_1_59' title='bbox 951 1207 1121 1267; x_wconf 88' lang='lat' dir='ltr'><strong>destinatus</strong></span> <span class='ocrx_word' id='word_1_60' title='bbox 1139 1209 1214 1279; x_wconf 89' lang='lat' dir='ltr'><strong>erat,</strong></span> 
     </span>
     <span class='ocr_line' id='line_1_8' title="bbox 93 1296 1214 1393; baseline 0.001 -19"><span class='ocrx_word' id='word_1_61' title='bbox 93 1316 155 1374; x_wconf 83' lang='lat' dir='ltr'><strong>nisi</strong></span> <span class='ocrx_word' id='word_1_62' title='bbox 175 1296 230 1391; x_wconf 89' lang='lat' dir='ltr'><strong>per</strong></span> <span class='ocrx_word' id='word_1_63' title='bbox 250 1315 381 1393; x_wconf 87' lang='lat' dir='ltr'><strong>gratiam</strong></span> <span class='ocrx_word' id='word_1_64' title='bbox 408 1316 465 1374; x_wconf 91' lang='lat' dir='ltr'><strong>Dei</strong></span> <span class='ocrx_word' id='word_1_65' title='bbox 484 1316 573 1376; x_wconf 92' lang='lat' dir='ltr'><strong>nimis</strong></span> <span class='ocrx_word' id='word_1_66' title='bbox 595 1317 655 1376; x_wconf 92' lang='lat' dir='ltr'><strong>cito</strong></span> <span class='ocrx_word' id='word_1_67' title='bbox 680 1316 850 1392; x_wconf 85' lang='lat' dir='ltr'><strong>patefactus</strong></span> <span class='ocrx_word' id='word_1_68' title='bbox 870 1321 902 1377; x_wconf 89' lang='lat' dir='ltr'><strong>et</strong></span> <span class='ocrx_word' id='word_1_69' title='bbox 921 1317 1085 1392; x_wconf 87' lang='lat' dir='ltr'><strong>impeditus</strong></span> <span class='ocrx_word' id='word_1_70' title='bbox 1099 1315 1214 1388; x_wconf 87' lang='lat' dir='ltr'><strong>suisset,</strong></span> 
     </span>
     <span class='ocr_line' id='line_1_9' title="bbox 96 1424 1215 1503; baseline 0 -21"><span class='ocrx_word' id='word_1_71' title='bbox 96 1425 150 1483; x_wconf 89' lang='lat' dir='ltr'><strong>sed</strong></span> <span class='ocrx_word' id='word_1_72' title='bbox 171 1424 250 1484; x_wconf 86' lang='lat' dir='ltr'><strong>forte</strong></span> <span class='ocrx_word' id='word_1_73' title='bbox 272 1443 366 1502; x_wconf 84' lang='lat' dir='ltr'><strong>aeque</strong></span> <span class='ocrx_word' id='word_1_74' title='bbox 389 1425 447 1484; x_wconf 91' lang='lat' dir='ltr'><strong>tibi</strong></span> <span class='ocrx_word' id='word_1_75' title='bbox 467 1426 540 1485; x_wconf 90' lang='lat' dir='ltr'><strong>haec</strong></span> <span class='ocrx_word' id='word_1_76' title='bbox 554 1425 671 1486; x_wconf 86' lang='lat' dir='ltr'><strong>incerta</strong></span> <span class='ocrx_word' id='word_1_77' title='bbox 685 1426 885 1500; x_wconf 88' lang='lat' dir='ltr'><strong>videbuntur,</strong></span> <span class='ocrx_word' id='word_1_78' title='bbox 900 1445 992 1503; x_wconf 89' lang='lat' dir='ltr'><strong>quam</strong></span> <span class='ocrx_word' id='word_1_79' title='bbox 1005 1426 1121 1503; x_wconf 89' lang='lat' dir='ltr'><strong>priora,</strong></span> <span class='ocrx_word' id='word_1_80' title='bbox 1136 1424 1215 1501; x_wconf 88' lang='lat' dir='ltr'><strong>quod</strong></span> 
     </span>
     <span class='ocr_line' id='line_1_10' title="bbox 94 1532 1215 1610; baseline 0.004 -20"><span class='ocrx_word' id='word_1_81' title='bbox 94 1532 220 1592; x_wconf 88' lang='lat' dir='ltr'><strong>illorum</strong></span> <span class='ocrx_word' id='word_1_82' title='bbox 241 1533 318 1594; x_wconf 88' lang='lat' dir='ltr'><strong>alius</strong></span> <span class='ocrx_word' id='word_1_83' title='bbox 343 1536 443 1593; x_wconf 86' lang='lat' dir='ltr'><strong>status</strong></span> <span class='ocrx_word' id='word_1_84' title='bbox 464 1532 556 1593; x_wconf 90' lang='lat' dir='ltr'><strong>fuisse</strong></span> <span class='ocrx_word' id='word_1_85' title='bbox 578 1534 733 1608; x_wconf 86' lang='lat' dir='ltr'><strong>videatur,</strong></span> <span class='ocrx_word' id='word_1_86' title='bbox 755 1553 846 1610; x_wconf 89' lang='lat' dir='ltr'><strong>quam</strong></span> <span class='ocrx_word' id='word_1_87' title='bbox 869 1537 989 1595; x_wconf 90' lang='lat' dir='ltr'><strong>noster:</strong></span> <span class='ocrx_word' id='word_1_88' title='bbox 1010 1534 1099 1594; x_wconf 88' lang='lat' dir='ltr'><strong>Alius</strong></span> <span class='ocrx_word' id='word_1_89' title='bbox 1123 1535 1215 1594; x_wconf 89' lang='lat' dir='ltr'><strong>etiam</strong></span> 
     </span>
     <span class='ocr_line' id='line_1_11' title="bbox 94 1642 1215 1722; baseline 0.002 -22"><span class='ocrx_word' id='word_1_90' title='bbox 94 1642 164 1701; x_wconf 88' lang='lat' dir='ltr'><strong>finis</strong></span> <span class='ocrx_word' id='word_1_91' title='bbox 196 1646 301 1703; x_wconf 90' lang='lat' dir='ltr'><strong>noster</strong></span> <span class='ocrx_word' id='word_1_92' title='bbox 332 1646 363 1703; x_wconf 90' lang='lat' dir='ltr'><strong>et</strong></span> <span class='ocrx_word' id='word_1_93' title='bbox 394 1643 472 1702; x_wconf 90' lang='lat' dir='ltr'><strong>alius</strong></span> <span class='ocrx_word' id='word_1_94' title='bbox 505 1644 730 1720; x_wconf 80' lang='lat' dir='ltr'><strong>Israelitarum3</strong></span> <span class='ocrx_word' id='word_1_95' title='bbox 759 1663 798 1704; x_wconf 86' lang='lat' dir='ltr'><strong>an</strong></span> <span class='ocrx_word' id='word_1_96' title='bbox 823 1646 901 1705; x_wconf 89' lang='lat' dir='ltr'><strong>alius</strong></span> <span class='ocrx_word' id='word_1_97' title='bbox 923 1644 1215 1722; x_wconf 63' lang='lat' dir='ltr'><strong>statusrlongiorem</strong></span> 
     </span>
     <span class='ocr_line' id='line_1_12' title="bbox 97 1751 1290 1826; baseline 0.001 -18"><span class='ocrx_word' id='word_1_98' title='bbox 97 1751 228 1826; x_wconf 81' lang='lat' dir='ltr'><strong>requirit</strong></span> <span class='ocrx_word' id='word_1_99' title='bbox 245 1751 477 1826; x_wconf 77' lang='lat' dir='ltr'><strong>tractationem,</strong></span> <span class='ocrx_word' id='word_1_100' title='bbox 499 1754 635 1812; x_wconf 80' lang='lat' dir='ltr'><strong>ettamen</strong></span> <span class='ocrx_word' id='word_1_101' title='bbox 650 1754 722 1812; x_wconf 87' lang='lat' dir='ltr'><strong>dum</strong></span> <span class='ocrx_word' id='word_1_102' title='bbox 737 1753 775 1812; x_wconf 89' lang='lat' dir='ltr'><strong>ad</strong></span> <span class='ocrx_word' id='word_1_103' title='bbox 789 1753 957 1813; x_wconf 91' lang='lat' dir='ltr'><strong>doctrinam</strong></span> <span class='ocrx_word' id='word_1_104' title='bbox 972 1757 1003 1812; x_wconf 92' lang='lat' dir='ltr'><strong>et</strong></span> <span class='ocrx_word' id='word_1_105' title='bbox 1015 1753 1097 1813; x_wconf 86' lang='lat' dir='ltr'><strong>facta</strong></span> <span class='ocrx_word' id='word_1_106' title='bbox 1110 1753 1217 1812; x_wconf 89' lang='lat' dir='ltr'><strong>nostre</strong></span> <span class='ocrx_word' id='word_1_107' title='bbox 1280 1763 1290 1780; x_wconf 86' lang='lat'><strong><em>‘</em></strong></span> 
     </span>
     <span class='ocr_line' id='line_1_13' title="bbox 96 1859 1216 1946; baseline 0 -28"><span class='ocrx_word' id='word_1_108' title='bbox 96 1859 270 1931; x_wconf 88' lang='lat' dir='ltr'><strong>considero,</strong></span> <span class='ocrx_word' id='word_1_109' title='bbox 291 1859 453 1935; x_wconf 86' lang='lat' dir='ltr'><strong>utrobique</strong></span> <span class='ocrx_word' id='word_1_110' title='bbox 475 1859 677 1918; x_wconf 88' lang='lat' dir='ltr'><strong>ministerium</strong></span> <span class='ocrx_word' id='word_1_111' title='bbox 700 1863 747 1919; x_wconf 91' lang='lat' dir='ltr'><strong>est</strong></span> <span class='ocrx_word' id='word_1_112' title='bbox 768 1860 874 1920; x_wconf 89' lang='lat' dir='ltr'><strong>literae</strong></span> <span class='ocrx_word' id='word_1_113' title='bbox 895 1863 926 1946; x_wconf 83' lang='lat' dir='ltr'><strong>et</strong></span> <span class='ocrx_word' id='word_1_114' title='bbox 947 1860 1030 1938; x_wconf 88' lang='lat' dir='ltr'><strong>legis.</strong></span> <span class='ocrx_word' id='word_1_115' title='bbox 1071 1860 1216 1938; x_wconf 84' lang='lat' dir='ltr'><strong>Isegogae</strong></span> 
     </span>
     <span class='ocr_line' id='line_1_14' title="bbox 94 1967 1216 2048; baseline -0.002 -20"><span class='ocrx_word' id='word_1_116' title='bbox 94 1969 146 2028; x_wconf 82' lang='lat' dir='ltr'><strong>vel</strong></span> <span class='ocrx_word' id='word_1_117' title='bbox 165 1968 367 2047; x_wconf 81' lang='lat' dir='ltr'><strong>paedagogiae</strong></span> <span class='ocrx_word' id='word_1_118' title='bbox 389 1968 513 2028; x_wconf 90' lang='lat' dir='ltr'><strong>suntin</strong></span> <span class='ocrx_word' id='word_1_119' title='bbox 533 1969 642 2046; x_wconf 89' lang='lat' dir='ltr'><strong>quibus</strong></span> <span class='ocrx_word' id='word_1_120' title='bbox 656 1989 822 2031; x_wconf 83' lang='lat' dir='ltr'><strong>versamur.</strong></span> <span class='ocrx_word' id='word_1_121' title='bbox 849 1972 930 2048; x_wconf 83' lang='lat' dir='ltr'><strong>Ergo</strong></span> <span class='ocrx_word' id='word_1_122' title='bbox 945 1970 1110 2045; x_wconf 78' lang='lat' dir='ltr'><strong>simplicem</strong></span> <span class='ocrx_word' id='word_1_123' title='bbox 1124 1967 1216 2027; x_wconf 90' lang='lat' dir='ltr'><strong>etiam</strong></span> 
     </span>
     <span class='ocr_line' id='line_1_15' title="bbox 94 2075 1216 2155; baseline 0.002 -21"><span class='ocrx_word' id='word_1_124' title='bbox 94 2075 218 2136; x_wconf 85' lang='lat' dir='ltr'><strong>literam</strong></span> <span class='ocrx_word' id='word_1_125' title='bbox 244 2079 275 2136; x_wconf 92' lang='lat' dir='ltr'><strong>et</strong></span> <span class='ocrx_word' id='word_1_126' title='bbox 298 2077 396 2155; x_wconf 87' lang='lat' dir='ltr'><strong>legem</strong></span> <span class='ocrx_word' id='word_1_127' title='bbox 419 2077 504 2154; x_wconf 89' lang='lat' dir='ltr'><strong>sequi</strong></span> <span class='ocrx_word' id='word_1_128' title='bbox 524 2096 579 2137; x_wconf 90' lang='lat' dir='ltr'><strong>nos</strong></span> <span class='ocrx_word' id='word_1_129' title='bbox 605 2077 778 2154; x_wconf 89' lang='lat' dir='ltr'><strong>oportebat,</strong></span> <span class='ocrx_word' id='word_1_130' title='bbox 800 2079 852 2137; x_wconf 91' lang='lat' dir='ltr'><strong>sed</strong></span> <span class='ocrx_word' id='word_1_131' title='bbox 873 2078 951 2137; x_wconf 89' lang='lat' dir='ltr'><strong>hanc</strong></span> <span class='ocrx_word' id='word_1_132' title='bbox 972 2077 1095 2155; x_wconf 84' lang='lat' dir='ltr'><strong>gravius</strong></span> <span class='ocrx_word' id='word_1_133' title='bbox 1116 2079 1216 2136; x_wconf 89' lang='lat' dir='ltr'><strong>trans·</strong></span> 
     </span>
     <span class='ocr_line' id='line_1_16' title="bbox 95 2185 1214 2264; baseline -0.002 -20"><span class='ocrx_word' id='word_1_134' title='bbox 95 2185 192 2262; x_wconf 85' lang='lat' dir='ltr'><strong>gressi</strong></span> <span class='ocrx_word' id='word_1_135' title='bbox 216 2204 335 2261; x_wconf 89' lang='lat' dir='ltr'><strong>snmus,</strong></span> <span class='ocrx_word' id='word_1_136' title='bbox 371 2204 462 2262; x_wconf 88' lang='lat' dir='ltr'><strong>quam</strong></span> <span class='ocrx_word' id='word_1_137' title='bbox 483 2186 547 2260; x_wconf 90' lang='lat' dir='ltr'><strong>illi,</strong></span> <span class='ocrx_word' id='word_1_138' title='bbox 578 2190 755 2264; x_wconf 90' lang='lat' dir='ltr'><strong>propterea,</strong></span> <span class='ocrx_word' id='word_1_139' title='bbox 777 2186 858 2263; x_wconf 89' lang='lat' dir='ltr'><strong>quod</strong></span> <span class='ocrx_word' id='word_1_140' title='bbox 881 2205 943 2247; x_wconf 90' lang='lat' dir='ltr'><strong>non</strong></span> <span class='ocrx_word' id='word_1_141' title='bbox 961 2187 1058 2246; x_wconf 87' lang='lat' dir='ltr'><strong>solum</strong></span> <span class='ocrx_word' id='word_1_142' title='bbox 1083 2185 1214 2245; x_wconf 89' lang='lat' dir='ltr'><strong>alienum</strong></span> 
     </span>
     <span class='ocr_line' id='line_1_17' title="bbox 97 2293 1213 2373; baseline 0.002 -22"><span class='ocrx_word' id='word_1_143' title='bbox 97 2295 316 2369; x_wconf 86' lang='lat' dir='ltr'><strong>protectorem,</strong></span> <span class='ocrx_word' id='word_1_144' title='bbox 349 2293 401 2354; x_wconf 89' lang='lat' dir='ltr'><strong>sed</strong></span> <span class='ocrx_word' id='word_1_145' title='bbox 432 2295 525 2354; x_wconf 88' lang='lat' dir='ltr'><strong>etiam</strong></span> <span class='ocrx_word' id='word_1_146' title='bbox 555 2294 687 2354; x_wconf 89' lang='lat' dir='ltr'><strong>alienum</strong></span> <span class='ocrx_word' id='word_1_147' title='bbox 707 2295 872 2370; x_wconf 87' lang='lat' dir='ltr'><strong>Dominum</strong></span> <span class='ocrx_word' id='word_1_148' title='bbox 898 2294 1084 2373; x_wconf 88' lang='lat' dir='ltr'><strong>elegerimus.</strong></span> <span class='ocrx_word' id='word_1_149' title='bbox 1126 2293 1213 2364; x_wconf 85' lang='lat' dir='ltr'><strong>Quod</strong></span> 
     </span>
     <span class='ocr_line' id='line_1_18' title="bbox 96 2402 1282 2484; baseline 0.002 -24"><span class='ocrx_word' id='word_1_150' title='bbox 96 2402 138 2460; x_wconf 90' lang='lat' dir='ltr'><strong>ad</strong></span> <span class='ocrx_word' id='word_1_151' title='bbox 159 2402 249 2462; x_wconf 90' lang='lat' dir='ltr'><strong>finem</strong></span> <span class='ocrx_word' id='word_1_152' title='bbox 270 2402 396 2475; x_wconf 87' lang='lat' dir='ltr'><strong>attinet,</strong></span> <span class='ocrx_word' id='word_1_153' title='bbox 417 2402 497 2462; x_wconf 91' lang='lat' dir='ltr'><strong>hunc</strong></span> <span class='ocrx_word' id='word_1_154' title='bbox 518 2403 606 2463; x_wconf 82' lang='lat' dir='ltr'><strong>video</strong></span> <span class='ocrx_word' id='word_1_155' title='bbox 628 2404 822 2480; x_wconf 88' lang='lat' dir='ltr'><strong>praecipuum</strong></span> <span class='ocrx_word' id='word_1_156' title='bbox 842 2423 922 2479; x_wconf 90' lang='lat' dir='ltr'><strong>esse,</strong></span> <span class='ocrx_word' id='word_1_157' title='bbox 936 2407 973 2464; x_wconf 90' lang='lat' dir='ltr'><strong>ut</strong></span> <span class='ocrx_word' id='word_1_158' title='bbox 987 2403 1136 2477; x_wconf 89' lang='lat' dir='ltr'><strong>eeclesiis,</strong></span> <span class='ocrx_word' id='word_1_159' title='bbox 1151 2405 1215 2462; x_wconf 88' lang='lat' dir='ltr'><strong>tarn</strong></span> <span class='ocrx_word' id='word_1_160' title='bbox 1276 2463 1282 2484; x_wconf 30' lang='grc' dir='ltr'>ι</span> 
     </span>
     <span class='ocr_line' id='line_1_19' title="bbox 96 2505 1214 2590; baseline 0.005 -24"><span class='ocrx_word' id='word_1_161' title='bbox 96 2507 131 2567; x_wconf 91' lang='lat' dir='ltr'><strong>in</strong></span> <span class='ocrx_word' id='word_1_162' title='bbox 153 2505 270 2582; x_wconf 78' lang='lat' dir='ltr'><strong>Gallia,</strong></span> <span class='ocrx_word' id='word_1_163' title='bbox 292 2528 383 2585; x_wconf 89' lang='lat' dir='ltr'><strong>quam</strong></span> <span class='ocrx_word' id='word_1_164' title='bbox 402 2509 435 2569; x_wconf 91' lang='lat' dir='ltr'><strong>in</strong></span> <span class='ocrx_word' id='word_1_165' title='bbox 455 2509 561 2588; x_wconf 81' lang='lat' dir='ltr'><strong>Belgio</strong></span> <span class='ocrx_word' id='word_1_166' title='bbox 581 2529 639 2586; x_wconf 84' lang='lat' dir='ltr'><strong>pax</strong></span> <span class='ocrx_word' id='word_1_167' title='bbox 660 2515 692 2572; x_wconf 90' lang='lat' dir='ltr'><strong>et</strong></span> <span class='ocrx_word' id='word_1_168' title='bbox 711 2513 919 2590; x_wconf 88' lang='lat' dir='ltr'><strong>tranquillitas</strong></span> <span class='ocrx_word' id='word_1_169' title='bbox 934 2512 1119 2590; x_wconf 89' lang='lat' dir='ltr'><strong>acquiratur.</strong></span> <span class='ocrx_word' id='word_1_170' title='bbox 1148 2511 1214 2572; x_wconf 88' lang='lat' dir='ltr'><strong>Aut</strong></span> 
     </span>
     <span class='ocr_line' id='line_1_20' title="bbox 98 2617 1213 2700; baseline 0.003 -24"><span class='ocrx_word' id='word_1_171' title='bbox 98 2617 242 2678; x_wconf 87' lang='lat' dir='ltr'><strong>ecclesiae</strong></span> <span class='ocrx_word' id='word_1_172' title='bbox 269 2618 340 2678; x_wconf 91' lang='lat' dir='ltr'><strong>illae</strong></span> <span class='ocrx_word' id='word_1_173' title='bbox 368 2619 496 2697; x_wconf 89' lang='lat' dir='ltr'><strong>amplius</strong></span> <span class='ocrx_word' id='word_1_174' title='bbox 528 2620 642 2698; x_wconf 88' lang='lat' dir='ltr'><strong>aliquid</strong></span> <span class='ocrx_word' id='word_1_175' title='bbox 673 2625 745 2682; x_wconf 90' lang='lat' dir='ltr'><strong>sunt</strong></span> <span class='ocrx_word' id='word_1_176' title='bbox 768 2641 860 2700; x_wconf 89' lang='lat' dir='ltr'><strong>quam</strong></span> <span class='ocrx_word' id='word_1_177' title='bbox 880 2623 956 2698; x_wconf 88' lang='lat' dir='ltr'><strong>dixi,</strong></span> <span class='ocrx_word' id='word_1_178' title='bbox 978 2622 1009 2681; x_wconf 93' lang='lat' dir='ltr'><strong>id</strong></span> <span class='ocrx_word' id='word_1_179' title='bbox 1033 2624 1095 2697; x_wconf 90' lang='lat' dir='ltr'><strong>est,</strong></span> <span class='ocrx_word' id='word_1_180' title='bbox 1116 2638 1213 2682; x_wconf 86' lang='lat' dir='ltr'><strong>novae</strong></span> 
     </span>
     <span class='ocr_line' id='line_1_21' title="bbox 98 2726 1212 2807; baseline 0.003 -21"><span class='ocrx_word' id='word_1_181' title='bbox 98 2745 222 2804; x_wconf 91' lang='lat' dir='ltr'><strong>prorsus</strong></span> <span class='ocrx_word' id='word_1_182' title='bbox 244 2727 299 2788; x_wconf 92' lang='lat' dir='ltr'><strong>sub</strong></span> <span class='ocrx_word' id='word_1_183' title='bbox 319 2729 488 2790; x_wconf 90' lang='lat' dir='ltr'><strong>ministerio</strong></span> <span class='ocrx_word' id='word_1_184' title='bbox 513 2726 645 2807; x_wconf 83' lang='lat' dir='ltr'><strong>Spiritus</strong></span> <span class='ocrx_word' id='word_1_185' title='bbox 669 2730 774 2792; x_wconf 80' lang='lat' dir='ltr'><strong>Sancti</strong></span> <span class='ocrx_word' id='word_1_186' title='bbox 795 2733 953 2806; x_wconf 83' lang='lat' dir='ltr'><strong>collectae,</strong></span> <span class='ocrx_word' id='word_1_187' title='bbox 975 2735 1007 2794; x_wconf 89' lang='lat' dir='ltr'><strong>et</strong></span> <span class='ocrx_word' id='word_1_188' title='bbox 1026 2730 1159 2792; x_wconf 85' lang='lat' dir='ltr'><strong>mirabor</strong></span> <span class='ocrx_word' id='word_1_189' title='bbox 1172 2748 1212 2789; x_wconf 88' lang='lat' dir='ltr'><strong>an</strong></span> 
     </span>
     <span class='ocr_line' id='line_1_22' title="bbox 98 2835 1216 2918; baseline 0.004 -24"><span class='ocrx_word' id='word_1_190' title='bbox 98 2835 233 2912; x_wconf 89' lang='lat' dir='ltr'><strong>impulsu</strong></span> <span class='ocrx_word' id='word_1_191' title='bbox 254 2839 387 2914; x_wconf 87' lang='lat' dir='ltr'><strong>ejusdem</strong></span> <span class='ocrx_word' id='word_1_192' title='bbox 412 2837 544 2915; x_wconf 83' lang='lat' dir='ltr'><strong>Spiritus</strong></span> <span class='ocrx_word' id='word_1_193' title='bbox 570 2839 609 2898; x_wconf 88' lang='lat' dir='ltr'><strong>ad</strong></span> <span class='ocrx_word' id='word_1_194' title='bbox 629 2839 831 2900; x_wconf 87' lang='lat' dir='ltr'><strong>defensionem</strong></span> <span class='ocrx_word' id='word_1_195' title='bbox 856 2861 959 2902; x_wconf 90' lang='lat' dir='ltr'><strong>earum</strong></span> <span class='ocrx_word' id='word_1_196' title='bbox 983 2841 1055 2902; x_wconf 85' lang='lat' dir='ltr'><strong>talis</strong></span> <span class='ocrx_word' id='word_1_197' title='bbox 1079 2839 1150 2918; x_wconf 84' lang='lat' dir='ltr'><strong>eligi</strong></span> <span class='ocrx_word' id='word_1_198' title='bbox 1165 2839 1216 2898; x_wconf 89' lang='lat' dir='ltr'><strong>de-</strong></span> 
     </span>
     <span class='ocr_line' id='line_1_23' title="bbox 99 2945 1216 3025; baseline 0.001 -20"><span class='ocrx_word' id='word_1_199' title='bbox 99 2945 211 3005; x_wconf 87' lang='lat' dir='ltr'><strong>buerit.</strong></span> <span class='ocrx_word' id='word_1_200' title='bbox 252 2945 454 3024; x_wconf 88' lang='lat' dir='ltr'><strong>Ignorabatur</strong></span> <span class='ocrx_word' id='word_1_201' title='bbox 473 2948 506 3006; x_wconf 93' lang='lat' dir='ltr'><strong>id</strong></span> <span class='ocrx_word' id='word_1_202' title='bbox 528 2951 595 3008; x_wconf 89' lang='lat' dir='ltr'><strong>tum</strong></span> <span class='ocrx_word' id='word_1_203' title='bbox 615 2949 759 3025; x_wconf 90' lang='lat' dir='ltr'><strong>temporis</strong></span> <span class='ocrx_word' id='word_1_204' title='bbox 780 2951 814 3009; x_wconf 90' lang='lat' dir='ltr'><strong>at</strong></span> <span class='ocrx_word' id='word_1_205' title='bbox 834 2968 896 3010; x_wconf 89' lang='lat' dir='ltr'><strong>non</strong></span> <span class='ocrx_word' id='word_1_206' title='bbox 915 2968 995 3010; x_wconf 90' lang='lat' dir='ltr'><strong>nune</strong></span> <span class='ocrx_word' id='word_1_207' title='bbox 1009 2953 1066 3011; x_wconf 90' lang='lat' dir='ltr'><strong>etc.</strong></span> <span class='ocrx_word' id='word_1_208' title='bbox 1087 2949 1216 3024; x_wconf 82' lang='lat' dir='ltr'><strong>Exspec-</strong></span> 
     </span>
     <span class='ocr_line' id='line_1_24' title="bbox 99 3055 1214 3136; baseline 0.003 -20"><span class='ocrx_word' id='word_1_209' title='bbox 99 3055 233 3117; x_wconf 88' lang='lat' dir='ltr'><strong>tabimus</strong></span> <span class='ocrx_word' id='word_1_210' title='bbox 265 3076 370 3134; x_wconf 89' lang='lat' dir='ltr'><strong>pacem</strong></span> <span class='ocrx_word' id='word_1_211' title='bbox 399 3061 431 3117; x_wconf 91' lang='lat' dir='ltr'><strong>et</strong></span> <span class='ocrx_word' id='word_1_212' title='bbox 460 3076 522 3118; x_wconf 88' lang='lat' dir='ltr'><strong>non</strong></span> <span class='ocrx_word' id='word_1_213' title='bbox 552 3057 611 3118; x_wconf 89' lang='lat' dir='ltr'><strong>erit</strong></span> <span class='ocrx_word' id='word_1_214' title='bbox 641 3058 754 3118; x_wconf 87' lang='lat' dir='ltr'><strong>bonum</strong></span> <span class='ocrx_word' id='word_1_215' title='bbox 784 3061 904 3136; x_wconf 89' lang='lat' dir='ltr'><strong>tempus</strong></span> <span class='ocrx_word' id='word_1_216' title='bbox 934 3059 1068 3118; x_wconf 88' lang='lat' dir='ltr'><strong>medelae</strong></span> <span class='ocrx_word' id='word_1_217' title='bbox 1095 3062 1127 3118; x_wconf 89' lang='lat' dir='ltr'><strong>et</strong></span> <span class='ocrx_word' id='word_1_218' title='bbox 1147 3077 1214 3119; x_wconf 88' lang='lat' dir='ltr'><strong>ecce</strong></span> 
     </span>
     <span class='ocr_line' id='line_1_25' title="bbox 100 3165 1212 3240; baseline 0.002 -14"><span class='ocrx_word' id='word_1_219' title='bbox 100 3169 200 3226; x_wconf 92' lang='lat' dir='ltr'><strong>terror</strong></span> <span class='ocrx_word' id='word_1_220' title='bbox 231 3168 287 3227; x_wconf 86' lang='lat' dir='ltr'><strong>ete.</strong></span> <span class='ocrx_word' id='word_1_221' title='bbox 338 3165 404 3227; x_wconf 87' lang='lat' dir='ltr'><strong>Aut</strong></span> <span class='ocrx_word' id='word_1_222' title='bbox 434 3166 546 3226; x_wconf 86' lang='lat' dir='ltr'><strong>similes</strong></span> <span class='ocrx_word' id='word_1_223' title='bbox 577 3168 650 3226; x_wconf 88' lang='lat' dir='ltr'><strong>sunt</strong></span> <span class='ocrx_word' id='word_1_224' title='bbox 679 3165 841 3240; x_wconf 88' lang='lat' dir='ltr'><strong>Israelitis,</strong></span> <span class='ocrx_word' id='word_1_225' title='bbox 873 3168 940 3226; x_wconf 89' lang='lat' dir='ltr'><strong>turn</strong></span> <span class='ocrx_word' id='word_1_226' title='bbox 967 3166 1047 3226; x_wconf 87' lang='lat' dir='ltr'><strong>idom</strong></span> <span class='ocrx_word' id='word_1_227' title='bbox 1073 3167 1143 3228; x_wconf 89' lang='lat' dir='ltr'><strong>finis</strong></span> <span class='ocrx_word' id='word_1_228' title='bbox 1164 3170 1212 3228; x_wconf 89' lang='lat' dir='ltr'><strong>est</strong></span> 
     </span>
     <span class='ocr_line' id='line_1_26' title="bbox 99 3274 1217 3353; baseline 0.004 -19"><span class='ocrx_word' id='word_1_229' title='bbox 99 3274 248 3351; x_wconf 90' lang='lat' dir='ltr'><strong>utrisque.</strong></span> <span class='ocrx_word' id='word_1_230' title='bbox 289 3275 347 3335; x_wconf 86' lang='lat' dir='ltr'><strong>Hic</strong></span> <span class='ocrx_word' id='word_1_231' title='bbox 364 3275 430 3350; x_wconf 86' lang='lat' dir='ltr'><strong>jam</strong></span> <span class='ocrx_word' id='word_1_232' title='bbox 453 3295 565 3353; x_wconf 88' lang='lat' dir='ltr'><strong>quaero</strong></span> <span class='ocrx_word' id='word_1_233' title='bbox 585 3294 625 3334; x_wconf 89' lang='lat' dir='ltr'><strong>an</strong></span> <span class='ocrx_word' id='word_1_234' title='bbox 645 3275 800 3336; x_wconf 90' lang='lat' dir='ltr'><strong>alterutris</strong></span> <span class='ocrx_word' id='word_1_235' title='bbox 822 3275 954 3336; x_wconf 87' lang='lat' dir='ltr'><strong>alienum</strong></span> <span class='ocrx_word' id='word_1_236' title='bbox 975 3280 1083 3353; x_wconf 89' lang='lat' dir='ltr'><strong>caput,</strong></span> <span class='ocrx_word' id='word_1_237' title='bbox 1105 3277 1217 3338; x_wconf 88' lang='lat' dir='ltr'><strong>alienas</strong></span> 
     </span>
     <span class='ocr_line' id='line_1_27' title="bbox 100 3382 1218 3462; baseline 0.003 -19"><span class='ocrx_word' id='word_1_238' title='bbox 100 3382 263 3462; x_wconf 88' lang='lat' dir='ltr'><strong>religiones</strong></span> <span class='ocrx_word' id='word_1_239' title='bbox 297 3385 358 3444; x_wconf 89' lang='lat' dir='ltr'><strong>suis</strong></span> <span class='ocrx_word' id='word_1_240' title='bbox 380 3383 512 3443; x_wconf 90' lang='lat' dir='ltr'><strong>ecclesiis</strong></span> <span class='ocrx_word' id='word_1_241' title='bbox 532 3383 672 3443; x_wconf 89' lang='lat' dir='ltr'><strong>ordinare</strong></span> <span class='ocrx_word' id='word_1_242' title='bbox 697 3385 729 3443; x_wconf 89' lang='lat' dir='ltr'><strong>et</strong></span> <span class='ocrx_word' id='word_1_243' title='bbox 749 3383 912 3460; x_wconf 87' lang='lat' dir='ltr'><strong>adjungere</strong></span> <span class='ocrx_word' id='word_1_244' title='bbox 932 3403 986 3460; x_wconf 91' lang='lat' dir='ltr'><strong>per</strong></span> <span class='ocrx_word' id='word_1_245' title='bbox 1004 3383 1103 3462; x_wconf 88' lang='lat' dir='ltr'><strong>legem</strong></span> <span class='ocrx_word' id='word_1_246' title='bbox 1123 3386 1218 3447; x_wconf 91' lang='lat' dir='ltr'><strong>licue-</strong></span> 
     </span>
     <span class='ocr_line' id='line_1_28' title="bbox 100 3492 1218 3571; baseline 0.002 -18"><span class='ocrx_word' id='word_1_247' title='bbox 100 3493 156 3553; x_wconf 90' lang='lat' dir='ltr'><strong>rit.</strong></span> <span class='ocrx_word' id='word_1_248' title='bbox 198 3492 284 3564; x_wconf 79' lang='lat' dir='ltr'><strong>Quod</strong></span> <span class='ocrx_word' id='word_1_249' title='bbox 308 3493 335 3552; x_wconf 88' lang='lat' dir='ltr'><strong>si</strong></span> <span class='ocrx_word' id='word_1_250' title='bbox 357 3492 448 3552; x_wconf 89' lang='lat' dir='ltr'><strong>etiam</strong></span> <span class='ocrx_word' id='word_1_251' title='bbox 474 3492 566 3552; x_wconf 89' lang='lat' dir='ltr'><strong>altius</strong></span> <span class='ocrx_word' id='word_1_252' title='bbox 590 3494 750 3553; x_wconf 86' lang='lat' dir='ltr'><strong>ascendere</strong></span> <span class='ocrx_word' id='word_1_253' title='bbox 771 3492 914 3569; x_wconf 85' lang='lat' dir='ltr'><strong>velimus,</strong></span> <span class='ocrx_word' id='word_1_254' title='bbox 940 3493 1075 3571; x_wconf 81' lang='lat' dir='ltr'><strong>exemplo</strong></span> <span class='ocrx_word' id='word_1_255' title='bbox 1097 3497 1218 3571; x_wconf 89' lang='lat' dir='ltr'><strong>sumpto</strong></span> 
     </span>
     <span class='ocr_line' id='line_1_29' title="bbox 99 3599 1254 3678; baseline -0.003 -16"><span class='ocrx_word' id='word_1_256' title='bbox 99 3601 290 3676; x_wconf 89' lang='lat' dir='ltr'><strong>abantiquo</strong></span> <span class='ocrx_word' id='word_1_257' title='bbox 311 3601 471 3661; x_wconf 89' lang='lat' dir='ltr'><strong>Babilone:</strong></span> <span class='ocrx_word' id='word_1_258' title='bbox 504 3601 756 3678; x_wconf 88' lang='lat' dir='ltr'><strong>quemadmodum</strong></span> <span class='ocrx_word' id='word_1_259' title='bbox 776 3599 820 3659; x_wconf 94' lang='lat' dir='ltr'><strong>ibi</strong></span> <span class='ocrx_word' id='word_1_260' title='bbox 844 3599 925 3660; x_wconf 86' lang='lat' dir='ltr'><strong>Deus</strong></span> <span class='ocrx_word' id='word_1_261' title='bbox 950 3603 988 3661; x_wconf 91' lang='lat' dir='ltr'><strong>ad</strong></span> <span class='ocrx_word' id='word_1_262' title='bbox 1008 3601 1218 3664; x_wconf 85' lang='lat' dir='ltr'><strong>liberationem</strong></span> <span class='ocrx_word' id='word_1_263' title='bbox 1248 3635 1254 3658; x_wconf 69' lang='lat' dir='ltr'><strong>t</strong></span> 
     </span>
     <span class='ocr_line' id='line_1_30' title="bbox 99 3709 1219 3787; baseline 0.001 -14"><span class='ocrx_word' id='word_1_264' title='bbox 99 3729 229 3773; x_wconf 85' lang='lat' dir='ltr'><strong>suorum</strong></span> <span class='ocrx_word' id='word_1_265' title='bbox 250 3710 358 3770; x_wconf 88' lang='lat' dir='ltr'><strong>Persas</strong></span> <span class='ocrx_word' id='word_1_266' title='bbox 381 3714 413 3770; x_wconf 90' lang='lat' dir='ltr'><strong>et</strong></span> <span class='ocrx_word' id='word_1_267' title='bbox 433 3709 554 3785; x_wconf 90' lang='lat' dir='ltr'><strong>Medos,</strong></span> <span class='ocrx_word' id='word_1_268' title='bbox 580 3713 617 3771; x_wconf 93' lang='lat' dir='ltr'><strong>ut</strong></span> <span class='ocrx_word' id='word_1_269' title='bbox 638 3729 705 3770; x_wconf 89' lang='lat' dir='ltr'><strong>eam</strong></span> <span class='ocrx_word' id='word_1_270' title='bbox 727 3711 904 3772; x_wconf 85' lang='lat' dir='ltr'><strong>invaderent</strong></span> <span class='ocrx_word' id='word_1_271' title='bbox 927 3714 958 3771; x_wconf 93' lang='lat' dir='ltr'><strong>et</strong></span> <span class='ocrx_word' id='word_1_272' title='bbox 978 3716 1151 3787; x_wconf 84' lang='lat' dir='ltr'><strong>vastarent,</strong></span> <span class='ocrx_word' id='word_1_273' title='bbox 1172 3714 1219 3774; x_wconf 92' lang='lat' dir='ltr'><strong>in·</strong></span> 
     </span>
    </p>
   </div>
   <div class='ocr_carea' id='block_1_5' title="bbox 98 3816 1311 3899">
    <p class='ocr_par' dir='ltr' id='par_1_5' title="bbox 98 3816 1311 3899">
     <span class='ocr_line' id='line_1_31' title="bbox 98 3816 1311 3899; baseline 0.002 -19"><span class='ocrx_word' id='word_1_274' title='bbox 98 3819 262 3892; x_wconf 86' lang='lat' dir='ltr'><strong>citaverit,</strong></span> <span class='ocrx_word' id='word_1_275' title='bbox 284 3819 329 3879; x_wconf 88' lang='lat' dir='ltr'><strong>ita</strong></span> <span class='ocrx_word' id='word_1_276' title='bbox 353 3819 445 3878; x_wconf 89' lang='lat' dir='ltr'><strong>etiam</strong></span> <span class='ocrx_word' id='word_1_277' title='bbox 468 3819 567 3879; x_wconf 89' lang='lat' dir='ltr'><strong>Deum</strong></span> <span class='ocrx_word' id='word_1_278' title='bbox 592 3839 673 3880; x_wconf 89' lang='lat' dir='ltr'><strong>nunc</strong></span> <span class='ocrx_word' id='word_1_279' title='bbox 697 3820 841 3897; x_wconf 90' lang='lat' dir='ltr'><strong>quosdam</strong></span> <span class='ocrx_word' id='word_1_280' title='bbox 864 3819 1008 3881; x_wconf 86' lang='lat' dir='ltr'><strong>excitasse</strong></span> <span class='ocrx_word' id='word_1_281' title='bbox 1032 3821 1130 3882; x_wconf 85' lang='lat' dir='ltr'><strong>dicere</strong></span> <span class='ocrx_word' id='word_1_282' title='bbox 1150 3841 1219 3899; x_wconf 90' lang='lat' dir='ltr'><strong>pos·</strong></span> <span class='ocrx_word' id='word_1_283' title='bbox 1308 3816 1311 3829; x_wconf 83' lang='lat'><em>&#39;</em></span> 
     </span>
    </p>
   </div>
   <div class='ocr_carea' id='block_1_6' title="bbox 76 3928 1222 4663">
    <p class='ocr_par' dir='ltr' id='par_1_6' title="bbox 76 3928 1222 4663">
     <span class='ocr_line' id='line_1_32' title="bbox 98 3928 1219 4006; baseline -0.001 -14"><span class='ocrx_word' id='word_1_284' title='bbox 98 3947 228 4003; x_wconf 88' lang='lat' dir='ltr'><strong>sumus,</strong></span> <span class='ocrx_word' id='word_1_285' title='bbox 260 3928 368 4004; x_wconf 88' lang='lat' dir='ltr'><strong>quibus</strong></span> <span class='ocrx_word' id='word_1_286' title='bbox 399 3929 437 3987; x_wconf 89' lang='lat' dir='ltr'><strong>ad</strong></span> <span class='ocrx_word' id='word_1_287' title='bbox 463 3929 673 3989; x_wconf 90' lang='lat' dir='ltr'><strong>liberationem</strong></span> <span class='ocrx_word' id='word_1_288' title='bbox 705 3931 870 3989; x_wconf 90' lang='lat' dir='ltr'><strong>electorum</strong></span> <span class='ocrx_word' id='word_1_289' title='bbox 893 3929 974 3989; x_wconf 91' lang='lat' dir='ltr'><strong>inter</strong></span> <span class='ocrx_word' id='word_1_290' title='bbox 995 3947 1096 3989; x_wconf 93' lang='lat' dir='ltr'><strong>omnes</strong></span> <span class='ocrx_word' id='word_1_291' title='bbox 1117 3933 1219 4006; x_wconf 88' lang='lat' dir='ltr'><strong>partes</strong></span> 
     </span>
     <span class='ocr_line' id='line_1_33' title="bbox 99 4038 1218 4117; baseline 0.001 -18"><span class='ocrx_word' id='word_1_292' title='bbox 99 4038 195 4099; x_wconf 85' lang='lat' dir='ltr'><strong>etad</strong></span> <span class='ocrx_word' id='word_1_293' title='bbox 215 4038 490 4098; x_wconf 87' lang='lat' dir='ltr'><strong>reaedificationem</strong></span> <span class='ocrx_word' id='word_1_294' title='bbox 509 4038 616 4114; x_wconf 91' lang='lat' dir='ltr'><strong>templi</strong></span> <span class='ocrx_word' id='word_1_295' title='bbox 636 4038 684 4098; x_wconf 90' lang='lat' dir='ltr'><strong>sui</strong></span> <span class='ocrx_word' id='word_1_296' title='bbox 703 4038 861 4099; x_wconf 90' lang='lat' dir='ltr'><strong>incumbat</strong></span> <span class='ocrx_word' id='word_1_297' title='bbox 884 4039 1073 4117; x_wconf 86' lang='lat' dir='ltr'><strong>spiritualem</strong></span> <span class='ocrx_word' id='word_1_298' title='bbox 1094 4039 1218 4100; x_wconf 89' lang='lat' dir='ltr'><strong>Babilo-</strong></span> 
     </span>
     <span class='ocr_line' id='line_1_34' title="bbox 99 4148 1219 4225; baseline 0.001 -16"><span class='ocrx_word' id='word_1_299' title='bbox 99 4165 174 4209; x_wconf 90' lang='lat' dir='ltr'><strong>nem</strong></span> <span class='ocrx_word' id='word_1_300' title='bbox 197 4148 361 4208; x_wconf 87' lang='lat' dir='ltr'><strong>destruere.</strong></span> <span class='ocrx_word' id='word_1_301' title='bbox 402 4150 446 4207; x_wconf 92' lang='lat' dir='ltr'><strong>At</strong></span> <span class='ocrx_word' id='word_1_302' title='bbox 466 4149 522 4208; x_wconf 91' lang='lat' dir='ltr'><strong>hoc</strong></span> <span class='ocrx_word' id='word_1_303' title='bbox 540 4149 566 4208; x_wconf 88' lang='lat' dir='ltr'><strong>si</strong></span> <span class='ocrx_word' id='word_1_304' title='bbox 586 4167 691 4209; x_wconf 83' lang='lat' dir='ltr'><strong>verum</strong></span> <span class='ocrx_word' id='word_1_305' title='bbox 714 4152 774 4222; x_wconf 87' lang='lat' dir='ltr'><strong>est,</strong></span> <span class='ocrx_word' id='word_1_306' title='bbox 798 4150 845 4208; x_wconf 88' lang='lat' dir='ltr'><strong>uti</strong></span> <span class='ocrx_word' id='word_1_307' title='bbox 866 4167 937 4210; x_wconf 89' lang='lat' dir='ltr'><strong>sane</strong></span> <span class='ocrx_word' id='word_1_308' title='bbox 958 4152 1005 4210; x_wconf 88' lang='lat' dir='ltr'><strong>est</strong></span> <span class='ocrx_word' id='word_1_309' title='bbox 1026 4169 1126 4210; x_wconf 88' lang='lat' dir='ltr'><strong>coram</strong></span> <span class='ocrx_word' id='word_1_310' title='bbox 1140 4151 1219 4225; x_wconf 92' lang='lat' dir='ltr'><strong>Deo,</strong></span> 
     </span>
     <span class='ocr_line' id='line_1_35' title="bbox 76 4257 1221 4343; baseline 0.002 -25"><span class='ocrx_word' id='word_1_311' title='bbox 76 4263 146 4318; x_wconf 77' lang='lat' dir='ltr'><strong>‘an</strong></span> <span class='ocrx_word' id='word_1_312' title='bbox 176 4259 311 4332; x_wconf 86' lang='lat' dir='ltr'><strong>potuerit</strong></span> <span class='ocrx_word' id='word_1_313' title='bbox 340 4257 389 4318; x_wconf 83' lang='lat' dir='ltr'><strong>vel</strong></span> <span class='ocrx_word' id='word_1_314' title='bbox 419 4257 557 4317; x_wconf 89' lang='lat' dir='ltr'><strong>debuerit</strong></span> <span class='ocrx_word' id='word_1_315' title='bbox 587 4258 707 4337; x_wconf 88' lang='lat' dir='ltr'><strong>aliquos</strong></span> <span class='ocrx_word' id='word_1_316' title='bbox 729 4276 765 4317; x_wconf 83' lang='lat' dir='ltr'><strong>ex</strong></span> <span class='ocrx_word' id='word_1_317' title='bbox 785 4260 933 4319; x_wconf 91' lang='lat' dir='ltr'><strong>columnis</strong></span> <span class='ocrx_word' id='word_1_318' title='bbox 956 4260 1044 4320; x_wconf 87' lang='lat' dir='ltr'><strong>istius</strong></span> <span class='ocrx_word' id='word_1_319' title='bbox 1065 4259 1221 4343; x_wconf 85' lang='lat' dir='ltr'><strong>Babilonis</strong></span> 
     </span>
     <span class='ocr_line' id='line_1_36' title="bbox 100 4365 1221 4444; baseline 0.002 -18"><span class='ocrx_word' id='word_1_320' title='bbox 100 4365 176 4444; x_wconf 88' lang='lat' dir='ltr'><strong>eligi</strong></span> <span class='ocrx_word' id='word_1_321' title='bbox 197 4370 229 4426; x_wconf 92' lang='lat' dir='ltr'><strong>et</strong></span> <span class='ocrx_word' id='word_1_322' title='bbox 250 4367 400 4441; x_wconf 87' lang='lat' dir='ltr'><strong>ordinari,</strong></span> <span class='ocrx_word' id='word_1_323' title='bbox 423 4368 507 4444; x_wconf 89' lang='lat' dir='ltr'><strong>cujus</strong></span> <span class='ocrx_word' id='word_1_324' title='bbox 532 4370 660 4428; x_wconf 87' lang='lat' dir='ltr'><strong>estnon</strong></span> <span class='ocrx_word' id='word_1_325' title='bbox 681 4369 850 4441; x_wconf 87' lang='lat' dir='ltr'><strong>destruere,</strong></span> <span class='ocrx_word' id='word_1_326' title='bbox 880 4371 931 4429; x_wconf 90' lang='lat' dir='ltr'><strong>sed</strong></span> <span class='ocrx_word' id='word_1_327' title='bbox 952 4389 1139 4431; x_wconf 84' lang='lat' dir='ltr'><strong>conservare.</strong></span> <span class='ocrx_word' id='word_1_328' title='bbox 1160 4371 1221 4429; x_wconf 91' lang='lat' dir='ltr'><strong>Pu-</strong></span> 
     </span>
     <span class='ocr_line' id='line_1_37' title="bbox 99 4476 1220 4556; baseline -0.002 -18"><span class='ocrx_word' id='word_1_329' title='bbox 99 4476 232 4538; x_wconf 90' lang='lat' dir='ltr'><strong>tabatur</strong></span> <span class='ocrx_word' id='word_1_330' title='bbox 252 4486 410 4556; x_wconf 84' lang='lat' dir='ltr'><strong>utramque</strong></span> <span class='ocrx_word' id='word_1_331' title='bbox 434 4477 610 4556; x_wconf 88' lang='lat' dir='ltr'><strong>religionem</strong></span> <span class='ocrx_word' id='word_1_332' title='bbox 635 4480 882 4553; x_wconf 85' lang='lat' dir='ltr'><strong>conservaturus,</strong></span> <span class='ocrx_word' id='word_1_333' title='bbox 911 4479 963 4538; x_wconf 89' lang='lat' dir='ltr'><strong>sed</strong></span> <span class='ocrx_word' id='word_1_334' title='bbox 983 4479 1040 4540; x_wconf 89' lang='lat' dir='ltr'><strong>hoc</strong></span> <span class='ocrx_word' id='word_1_335' title='bbox 1061 4481 1220 4541; x_wconf 84' lang='lat' dir='ltr'><strong>adversum</strong></span> 
     </span>
     <span class='ocr_line' id='line_1_38' title="bbox 100 4585 1222 4663; baseline 0.001 -15"><span class='ocrx_word' id='word_1_336' title='bbox 100 4588 152 4648; x_wconf 84' lang='lat' dir='ltr'><strong>ost</strong></span> <span class='ocrx_word' id='word_1_337' title='bbox 176 4585 234 4645; x_wconf 93' lang='lat' dir='ltr'><strong>Dei</strong></span> <span class='ocrx_word' id='word_1_338' title='bbox 258 4587 398 4660; x_wconf 90' lang='lat' dir='ltr'><strong>consilia,</strong></span> <span class='ocrx_word' id='word_1_339' title='bbox 431 4587 510 4663; x_wconf 89' lang='lat' dir='ltr'><strong>quod</strong></span> <span class='ocrx_word' id='word_1_340' title='bbox 537 4587 637 4647; x_wconf 91' lang='lat' dir='ltr'><strong>tendit</strong></span> <span class='ocrx_word' id='word_1_341' title='bbox 667 4607 728 4650; x_wconf 88' lang='lat' dir='ltr'><strong>non</strong></span> <span class='ocrx_word' id='word_1_342' title='bbox 760 4587 798 4648; x_wconf 88' lang='lat' dir='ltr'><strong>ad</strong></span> <span class='ocrx_word' id='word_1_343' title='bbox 830 4589 1089 4649; x_wconf 81' lang='lat' dir='ltr'><strong>conservationem</strong></span> <span class='ocrx_word' id='word_1_344' title='bbox 1110 4589 1222 4650; x_wconf 88' lang='lat' dir='ltr'><strong>veteris</strong></span> 
     </span>
    </p>
   </div>
   <div class='ocr_carea' id='block_1_7' title="bbox 0 0 1521 5360">
    <p class='ocr_par' dir='ltr' id='par_1_7' title="bbox 0 0 1521 5360">
     <span class='ocr_line' id='line_1_39' title="bbox 0 0 1521 5360; baseline 0 0"><span class='ocrx_word' id='word_1_345' title='bbox 0 0 1521 5360; x_wconf 95' lang='lat' dir='ltr'><strong> </strong></span> 
     </span>
    </p>
   </div>
  </div>
 </body>
</html>
