3028 5348
327 495 365 556 58
742 520 876 564 rosanus
903 522 1031 566 suasor.

326 677 435 736 turarii
466 677 564 739 edocti
594 679 687 740 etimn
715 699 735 740 a
765 680 829 742 Deo
861 684 981 755 carent,
1012 682 1143 759 praediti
1174 683 1220 744 illi
1254 687 1343 760 sunt,
1368 707 1448 765 quos

326 783 457 861 Spiritus
478 787 606 850 Sanetus
628 789 662 851 in
686 790 842 852 ministros
863 791 1021 871 Evangelii
1041 792 1099 852 sibi
1119 793 1227 872 elegit,
1249 794 1355 870 qualos
1379 794 1447 857 fue-

325 897 398 956 runt
418 893 559 973 Apostoli
580 901 650 974 post
675 898 788 961 Christi
810 904 939 962 mortem
960 904 992 962 et
1009 903 1224 965 ascenderem.
1265 905 1331 966 Hos
1357 906 1450 967 hodie

326 1004 471 1086 quicquid
503 1007 561 1067 sibi
592 1028 628 1068 ex
659 1028 837 1088 quacunque
866 1014 953 1090 parte
973 1012 1108 1074 homines
1128 1016 1249 1075 sumant
1269 1017 1302 1075 et
1321 1034 1449 1092 persua·

325 1113 418 1174 deant
447 1117 581 1177 nondum
610 1118 720 1180 habere
750 1138 805 1180 nos
836 1121 990 1197 existimo,
1022 1124 1075 1183 sed
1094 1123 1185 1184 multi
1205 1123 1248 1200 pii
1268 1124 1449 1186 ardentibus

324 1224 405 1285 rotis
437 1227 597 1301 expectant
629 1246 699 1304 eos,
731 1248 785 1305 per
806 1248 880 1306 quos
900 1230 1005 1292 vivum
1026 1233 1057 1291 et
1076 1233 1232 1292 aeternum
1255 1233 1449 1311 evangelium

323 1333 564 1410 praedicabitur,
596 1355 658 1397 non
688 1339 722 1398 in
753 1338 844 1399 litera
874 1342 1009 1415 tantum,
1042 1341 1093 1400 sed
1115 1341 1148 1400 in
1168 1341 1283 1403 virtute
1311 1341 1448 1419 Spiritus

326 1439 431 1502 Sancti
453 1445 533 1521 apud
547 1425 624 1519 eos,
645 1447 776 1521 sufficet,
797 1449 837 1509 ad
856 1468 931 1527 quos
952 1449 1000 1509 illi
1019 1449 1179 1511 aDomino
1194 1451 1258 1512 Deo
1272 1451 1447 1513 mittentur.

326 1547 435 1612 Sacrae
459 1553 625 1631 scripturae
647 1556 802 1617 ministros
819 1557 885 1633 jam
908 1559 1024 1635 pridem
1043 1559 1219 1635 habuimus,
1240 1561 1292 1621 sed
1316 1581 1448 1638 quorum

325 1659 464 1722 doctrina
491 1665 640 1739 quatenus
664 1665 756 1725 etiam
777 1685 796 1725 a
819 1666 882 1727 Deo
902 1666 1038 1744 profecta
1052 1668 1083 1746 1)
1107 1671 1139 1729 et
1163 1687 1235 1730 vera
1259 1672 1322 1743 est,
1345 1672 1445 1750 magis

323 1769 399 1847 legis
432 1771 482 1831 vel
511 1773 712 1852 paedagogice
738 1775 805 1836 loco
832 1776 987 1836 aestimari
1017 1777 1120 1851 debet,
1152 1796 1244 1855 quam
1276 1779 1343 1840 loco
1370 1781 1447 1860 legis

324 1879 449 1956 spiritus
472 1881 571 1958 vitae,
592 1884 640 1944 vel
666 1884 731 1946 vivi
752 1886 868 1946 aeterni
888 1886 1051 1965 evangelii,
1075 1886 1130 1947 sub
1151 1907 1212 1963 qua
1233 1890 1336 1949 tamen
1350 1889 1443 1948 multi

322 1987 442 2050 interna
464 1989 596 2068 Spiritus
621 1991 725 2055 Sancti
745 1994 965 2072 dispensatione
986 1996 1114 2057 ulterius
1135 1998 1287 2075 progressi
1307 2001 1385 2060 sunt
1410 1998 1442 2058 in

324 2116 396 2159 vera
422 2099 480 2160 Dei
507 2104 539 2163 et
568 2101 681 2163 christi
710 2104 896 2183 cognitione,
919 2107 954 2166 ut
974 2105 1067 2166 etiam
1087 2104 1161 2166 oiim
1181 2105 1238 2167 sub
1261 2107 1337 2185 lege.
1384 2106 1443 2166 Sed

325 2207 429 2287 quiin
450 2210 545 2272 ulium
565 2214 656 2273 finem
676 2213 765 2273 litera
785 2214 931 2275 haetenus
950 2214 999 2274 usi
1020 2217 1108 2287 sunt,
1130 2216 1161 2274 et
1182 2234 1213 2274 se
1233 2234 1287 2292 per
1309 2216 1443 2276 medium

322 2319 428 2381 literne
458 2322 559 2398 ipsum
584 2324 763 2400 mysterium
788 2324 857 2384 fidei
877 2325 1001 2402 adeptos
1027 2342 1091 2386 esse
1113 2325 1255 2385 arbitrati
1278 2327 1373 2400 sunt,
1395 2325 1441 2385 his

321 2428 412 2492 litera
431 2434 470 2493 ad
490 2432 701 2495 offendiculum
720 2436 752 2495 et
771 2433 890 2494 ruinam
912 2433 1015 2495 extitit
1035 2437 1067 2494 ot
1083 2454 1137 2512 per
1158 2434 1280 2494 literam
1295 2435 1329 2495 in
1342 2453 1439 2496 novos

322 2559 437 2600 errores
457 2541 637 2603 inciderunt.
678 2542 761 2602 Haec
781 2561 872 2603 causa
892 2545 938 2604 est
958 2544 1038 2621 quod
1058 2561 1077 2602 a
1097 2546 1232 2619 tempore
1255 2543 1441 2604 visitationis

320 2649 392 2726 Dei,
413 2670 490 2729 quae
509 2654 614 2713 nostro
636 2651 692 2712 hoe
713 2652 812 2712 seculo
834 2651 960 2724 accidit,
991 2671 1071 2712 nune
1094 2653 1195 2729 plures
1216 2651 1438 2729 disputationes

321 2763 353 2822 et
378 2763 585 2822 contentiones
611 2761 674 2822 imo
701 2761 854 2840 graviores
883 2779 998 2822 errores
1020 2761 1071 2822 vel
1099 2760 1262 2829 doteriores
1283 2761 1440 2837 opiniones
1493 2781 1494 2832 i

322 2873 443 2931 exortae
464 2871 540 2946 sint,
562 2891 654 2950 quam
675 2875 763 2932 erant
784 2871 822 2931 ab
843 2870 948 2946 initio,
968 2871 1186 2948 cumprimum
1207 2870 1261 2930 lux
1279 2869 1335 2929 iila
1349 2871 1439 2947 serip-

320 2982 406 3041 turae
437 2983 589 3062 affulgere,
609 2982 695 3043 nobis
725 2982 873 3060 incoepit,
905 2982 1045 3066 quodque
1074 2981 1172 3059 magis
1205 2980 1371 3041 dolendum
1395 2982 1439 3040 est
1490 3031 1491 3072 ,

319 3107 355 3149 ex
378 3091 431 3164 iis,
453 3092 506 3170 qui
529 3092 607 3153 hanc
629 3093 727 3153 lucem
748 3091 834 3152 nobis
855 3092 1081 3168 praetulerunt,
1103 3090 1194 3151 multi
1213 3093 1336 3167 postea,
1361 3089 1437 3167 quod
1489 3106 1490 3151 i

318 3218 427 3276 parum
458 3219 529 3261 suae
559 3201 727 3263 vocationis
748 3203 847 3261 essent
867 3219 1029 3272 memores,
1053 3199 1150 3260 facem
1172 3199 1259 3260 noris
1283 3199 1435 3260 erroribus

318 3309 533 3384 accenderunt,
556 3310 629 3370 dum
646 3311 714 3387 plus
736 3309 792 3370 sibi
814 3309 1046 3387 assumpserint,
1068 3309 1137 3386 plus
1160 3311 1316 3386 praestare
1331 3306 1433 3369 conati
1486 3349 1487 3390 ,

318 3417 448 3492 fuerint,
469 3420 538 3497 plus
560 3420 652 3481 etiam
672 3419 745 3481 foris
767 3419 947 3495 extulerint,
968 3438 1030 3479 non
1052 3419 1151 3478 solum
1171 3417 1371 3492 destruendo,
1386 3418 1436 3477 sed
1485 3429 1486 3469 i

319 3529 410 3589 etiam
440 3527 639 3600 aedificando,
670 3545 762 3604 quam
787 3547 841 3604 per
869 3546 920 3588 eos
943 3528 1057 3588 efficere
1079 3526 1160 3587 Deus
1184 3527 1326 3589 voluerit.
1368 3526 1436 3586 Non

186 3667 194 3680 κ
319 3638 495 3718 progrediar
515 3637 660 3712 ulterius,
682 3637 733 3698 sed
754 3655 808 3698 cur
827 3637 899 3698 haec
913 3636 1067 3715 praefatus
1081 3637 1151 3712 sim,
1168 3636 1273 3712 paucis
1286 3636 1435 3722 indicabo.

360 3748 435 3809 Cum
466 3746 610 3825 cogitem,
641 3744 721 3824 quod
748 3745 874 3806 nonita
895 3745 948 3805 diu
970 3765 1006 3804 ex
1025 3744 1126 3823 gratia
1146 3745 1203 3804 Dei
1231 3747 1353 3804 exortae
1377 3743 1435 3804 luci

318 3859 418 3919 locum
448 3856 519 3916 dare
550 3855 700 3933 coeperis,
728 3855 818 3915 simul
838 3854 930 3915 etiam
952 3854 1061 3930 seam,
1082 3855 1351 3932 quampraeclara
1372 3852 1434 3930 dig·

318 3967 416 4028 nitate
440 3966 473 4026 in
504 3966 605 4042 patria
628 3968 684 4026 tua
703 3964 856 4044 fungeris,
884 3964 1019 4042 alioquin
1039 3965 1132 4024 etiam
1153 3965 1267 4042 absque
1291 3983 1328 4024 ea
1348 3982 1433 4041 prop·

317 4080 365 4137 ter
385 4074 556 4136 claritatem
569 4075 704 4154 generis,
726 4075 895 4135 doctrinam
909 4077 941 4134 et
954 4074 1099 4135 virtutem
1112 4077 1198 4134 tuam
1211 4093 1330 4135 summa
1343 4074 1430 4133 auto-

319 4187 412 4246 ritate
436 4185 516 4262 apud
538 4186 608 4246 tuos
629 4185 738 4256 vulsae,
753 4183 898 4243 nonnulla
911 4182 1081 4242 sollicitudo
1095 4181 1230 4242 animum
1242 4202 1344 4272 meum
1357 4200 1432 4242 com-

318 4295 492 4373 prehendit,
520 4314 557 4355 ne
587 4293 731 4354 nimirum
760 4292 961 4352 incidentibus
989 4292 1202 4355 controversiis
1228 4291 1290 4352 illis
1313 4291 1346 4351 in
1367 4288 1432 4350 reli·

319 4405 407 4486 gione
436 4423 491 4483 pro
520 4404 589 4464 unis
610 4406 642 4463 et
665 4401 733 4462 aliis
755 4401 926 4478 plusculum
945 4399 1056 4474 facins,
1078 4418 1171 4478 quam
1190 4400 1239 4462 vel
1259 4397 1430 4476 tranquilli-

320 4563 524 4583 ——d

351 4670 377 4731 1)
411 4661 579 4730 Bigeuh'eudig
599 4659 716 4726 terrigia
733 4677 775 4712 aus
793 4676 857 4712 rere.
