3028 5348
526 477 683 520 uenenum
703 477 833 521 annuns.
1191 465 1228 524 19

112 645 280 714 conantur,
301 660 377 719 quos
397 640 569 718 provinciae
590 640 682 701 etiam
696 639 903 701 reconciliatae
918 641 1117 706 detestantur.
1158 645 1227 707 Non

111 755 227 814 desunt
258 771 376 829 queque
406 751 591 829 sanguinarii
616 750 762 827 theologi,
785 750 837 827 qui
857 751 1004 810 horrenda
1024 751 1084 812 illis
1105 772 1226 829 persua·

110 864 185 923 dere
207 862 336 935 audent,
358 879 484 938 qnorum
506 860 649 936 opuscula
671 860 729 919 duo
751 860 789 919 ad
810 878 863 920 vos
884 860 1074 934 transmitto,
1107 865 1143 923 ut
1162 863 1231 924 inde

114 971 211 1033 etiam
244 971 446 1049 cognoscentia,
481 989 548 1030 oum
580 969 689 1046 quibus
710 969 865 1045 spiritibus
885 970 1039 1048 negotium
1059 971 1231 1033 habeamus.

116 1081 245 1142 Caetera
277 1099 353 1157 quae
384 1078 568 1155 providenda
599 1087 626 1138 et
649 1078 765 1156 agenda
785 1080 887 1151 erunt,
909 1080 1018 1152 amori,
1040 1080 1232 1142 sollicitudini

115 1191 307 1269 singulornm
320 1191 350 1267 1)
383 1207 454 1266 erga
484 1207 671 1248 communem
698 1188 841 1266 patriam,
863 1189 1038 1264 prudentiae
1059 1193 1090 1250 et
1109 1189 1231 1252 tortitu-

114 1299 183 1359 dini
200 1301 318 1360 uestrae
338 1299 503 1359 committe.
526 1298 654 1363 Confidit
693 1299 838 1372 Domino,
853 1299 879 1359 is
900 1317 1021 1358 cansam
1041 1304 1173 1361 vestram
1194 1301 1232 1360 ad

113 1409 247 1471 nominis
278 1428 326 1469 sm
345 1410 490 1468 honorem
514 1429 581 1470 cum
607 1410 748 1470 dedecore
773 1412 804 1469 et
825 1412 957 1469 extrema
977 1409 1143 1486 perditione
1164 1430 1231 1472 nos·

114 1523 236 1580 trorum
270 1519 509 1579 adversariorum
542 1521 656 1580 educet.
698 1519 759 1580 Vos
780 1538 841 1579 non
865 1538 899 1579 eo
920 1521 1022 1578 tamen
1043 1519 1142 1598 minus
1166 1538 1232 1581 ves·

114 1633 200 1690 trum
229 1630 358 1689 officium
379 1629 486 1702 facite,
514 1631 616 1690 noctes
635 1632 725 1706 atque
748 1630 810 1690 dies
834 1628 951 1706 vigilias
977 1628 1072 1707 agite,
1094 1648 1131 1688 ne
1152 1629 1232 1689 demi

114 1738 229 1798 alieubi
260 1738 441 1799 incommodi
472 1738 585 1814 aliquid
616 1738 738 1798 oriatur.
793 1736 907 1796 Contra
938 1741 1094 1797 externum
1115 1738 1232 1797 hostem

112 1848 255 1908 faciliora
283 1847 413 1906 remedia
444 1849 475 1907 et
502 1847 614 1906 auxilia
635 1851 713 1908 sunt.
758 1845 832 1906 Cum
853 1848 900 1908 his
920 1848 1008 1906 tinem
1029 1847 1106 1907 facio
1127 1850 1157 1907 ot
1178 1865 1231 1907 vos

113 1958 252 2036 gratiae,
273 1958 493 2018 misericordiae
514 1977 549 2017 ac
569 1957 748 2034 protectioni
773 1957 885 2017 Christi
905 1957 1040 2031 Domini,
1063 1959 1097 2016 ut
1116 1956 1171 2016 sub
1195 1975 1231 2015 ea

113 2066 229 2128 vivatis
256 2068 287 2126 et
307 2057 453 2139 valeatis,
475 2068 598 2144 supplex
619 2067 802 2127 commendo.
825 2065 889 2125 Hoc
909 2066 970 2125 fere
993 2065 1163 2137 omiseram,
1180 2065 1231 2125 do-

114 2176 193 2236 mini
225 2176 419 2237 commissarii
449 2177 612 2253 praeterita
646 2177 841 2248 hebdomade,
874 2194 992 2234 recessu
1019 2175 1106 2246 dato,
1129 2193 1231 2234 omnes

113 2286 187 2346 hinc
219 2285 374 2360 abierunt,
406 2287 540 2347 nondum
567 2289 669 2346 tamen
696 2287 764 2346 finis
785 2284 961 2346 tractationi
981 2285 1051 2346 huic
1071 2285 1231 2361 impositus

115 2399 177 2472 est,
213 2395 263 2456 sed
283 2397 379 2457 adhuc
400 2397 612 2457 resolutionem
639 2395 786 2456 Ordinum
806 2399 1010 2484 expectamus,
1032 2415 1108 2473 quae
1128 2399 1233 2472 postea

118 2505 159 2565 ad
180 2505 389 2580 imperatorem
409 2505 643 2566 transmittetur.
686 2505 768 2576 Quae
788 2505 847 2564 huc
868 2505 1020 2582 pertinent
1040 2507 1071 2564 et
1091 2524 1167 2582 quae
1186 2503 1231 2562 in·

115 2619 203 2677 terea
224 2615 381 2691 temporis,
404 2633 462 2691 quo
482 2615 590 2674 ultima
614 2618 682 2675 acta
702 2615 784 2689 misi,
806 2614 994 2686 acciderunt,
1020 2613 1141 2673 mittam
1162 2632 1230 2691 pos·

115 2729 184 2798 tea,
216 2743 296 2783 nunc
328 2724 406 2784 enim
428 2723 611 2784 describendi
631 2725 692 2784 ista
713 2725 807 2785 otium
828 2743 889 2784 nen
909 2723 1076 2783 habuimus.
1116 2724 1231 2785 Iterum

113 2834 218 2895 valete
239 2833 345 2910 optimi
365 2835 397 2892 et
417 2832 616 2894 amantissimi
636 2833 748 2893 domini
770 2836 801 2894 et
820 2832 918 2892 amici.

160 2943 316 3018 Coloniae,
338 2959 411 3002 xxm
431 2941 594 3003 Novembr.
616 2961 661 3002 ao.
686 2943 732 3002 79.

828 3051 935 3112 Vester
958 3033 1110 3110 exanimo

909 3161 946 3223 A.
969 3159 1005 3220 A.

383 3765 487 3807 snmus
508 3766 651 3808 mannum
672 3768 830 3827 annuncio
851 3770 981 3813 sonans.

703 3860 920 3938 Leeuwarden,
944 3863 981 3923 16
1003 3864 1073 3924 Dec.
1099 3865 1188 3925 1579.

156 4095 292 4155 Salutem
316 4097 486 4171 plurimam.
528 4096 584 4155 Vir
608 4096 787 4170 clarissime,
814 4098 973 4176 origenalis
993 4100 1066 4158 hace
1087 4098 1228 4176 epistola,
1317 4081 1321 4095 ¹

112 4205 202 4266 euius
226 4203 273 4263 hic
305 4205 473 4280 exemplum
497 4205 536 4264 ad
556 4208 587 4265 te
608 4206 799 4278 transmitto,
832 4206 971 4266 Coloniae
992 4226 1011 4266 a
1031 4207 1151 4268 domino
1176 4209 1229 4269 Al·

111 4313 212 4374 baeda
244 4312 281 4370 ed
314 4312 431 4372 ordines
456 4313 566 4372 Frisiae
587 4314 660 4374 data
680 4317 725 4374 est
742 4318 772 4375 et
793 4316 831 4374 ab
851 4315 889 4374 iis
909 4319 1031 4392 recepta
1053 4317 1099 4376 15.
1121 4318 1228 4394 hujus3

112 4421 357 4501 quandoquidem
388 4423 444 4482 hec
472 4424 638 4499 exemplum
663 4425 700 4483 ad
721 4427 751 4484 te
772 4425 939 4485 transmitti
961 4425 1141 4502 reipublicae
1161 4446 1227 4486 ves·

147 4588 174 4648 1)
210 4584 383 4650 Bigenhtindig.
