3020 5360
285 512 324 572 74
704 526 838 571 isarnus
858 526 988 571 aaaron.

327 687 482 748 Summam
504 687 592 766 hujus
603 686 720 766 negocii
730 689 852 748 tantum
866 686 1017 767 attingere
1030 686 1130 762 volui,
1143 706 1196 748 vos
1210 687 1304 749 latius
1317 709 1412 768 super

286 815 321 857 eo
347 797 530 874 cogitabitis.
583 794 727 874 Optarom
747 815 796 856 me
822 798 944 856 tanturn
967 797 1128 857 materiam
1151 773 1316 859 Ordinibus
1337 818 1411 876 sup-

286 906 421 983 peditare
441 925 545 983 posse,
566 908 602 966 ut
624 904 768 981 depositis
786 904 908 966 tandem
922 906 1044 966 secretis
1059 904 1308 981 alienationibus,
1323 927 1413 984 aper·

196 1055 200 1067 ,
287 1016 386 1095 lisque
407 1016 506 1076 nescio
529 1014 638 1095 quibus
661 1013 904 1074 contentionibus
925 1013 958 1073 in
976 995 1143 1075 communis
1157 1015 1274 1091 patriae
1286 1020 1413 1076 nostrae

287 1123 477 1184 dulcissimae
500 1124 631 1184 salutem
655 1121 812 1181 unanimes
831 1139 887 1198 pro
909 1139 941 1182 se
965 1123 996 1182 et
1017 1122 1147 1199 posteris
1171 1123 1234 1183 suis
1256 1123 1336 1184 serio
1360 1143 1410 1186 co·

286 1234 382 1312 gitare
402 1235 578 1311 inciperent.
619 1231 677 1292 Sed
698 1232 735 1292 do
755 1232 812 1292 hac
833 1251 865 1292 re
885 1232 970 1304 satis.

327 1343 443 1403 Ultimo
475 1361 544 1404 oum
568 1341 738 1420 intelligam
770 1359 824 1402 ros
848 1339 1029 1401 Hollandiao
1056 1342 1208 1418 praesidia
1226 1361 1287 1403 non
1307 1342 1414 1416 iurata

290 1449 453 1512 Ordinibus
483 1450 595 1511 nostris
627 1450 660 1510 in
689 1449 857 1510 maritimas
878 1449 1035 1525 civitates,
1063 1469 1140 1530 quae
1160 1451 1252 1512 robur
1271 1454 1414 1512 nostrum

290 1561 377 1632 sunt,
409 1558 580 1633 admisisse,
610 1575 672 1618 non
703 1556 828 1629 dubito,
859 1557 933 1636 quin
965 1557 1010 1618 ita
1040 1577 1109 1619 cum
1136 1559 1190 1619 illa
1217 1560 1357 1638 egeritis,
1379 1563 1415 1620 ut

288 1667 421 1744 ipsorum
444 1666 569 1727 libertas
591 1669 622 1727 et
640 1666 720 1726 salus
741 1668 846 1726 nostra
869 1666 924 1739 sit,
946 1667 1103 1743 nosipsos
1125 1667 1286 1749 quicquam
1306 1669 1340 1728 iu
1361 1669 1414 1728 illo

290 1776 429 1855 negocio,
461 1774 542 1856 quod
573 1793 639 1835 eam
662 1775 832 1848 concernit,
865 1776 1089 1852 attentaturos,
1123 1777 1248 1856 quinat
1272 1780 1415 1838 nostrum

292 1885 449 1947 consilium
478 1888 510 1945 ot
531 1903 708 1945 consensum
730 1884 871 1945 habeant.
922 1884 1008 1956 Quod
1039 1886 1065 1946 si
1096 1887 1142 1946 ita
1173 1887 1311 1966 egeritis,
1344 1905 1416 1948 con·

287 1995 477 2070 junctionem
505 1993 591 2053 illam
621 2010 683 2052 non
714 1991 774 2052 nisi
806 1992 970 2053 salutarem
1002 1994 1119 2070 patriae
1141 1997 1263 2056 nostrae
1278 1995 1416 2056 futuram

293 2121 355 2164 esse
375 2121 477 2180 spero,
509 2102 555 2162 sin
581 2119 652 2163 vero
672 2101 806 2160 nondum
825 2100 882 2160 hoc
913 2102 1016 2160 actum
1047 2104 1108 2178 ast,
1142 2105 1178 2164 nt
1206 2104 1253 2164 ita
1278 2104 1335 2166 fiat
1363 2123 1414 2164 oro

294 2215 325 2274 et
345 2230 459 2273 moneo.
500 2210 585 2270 Nihil
607 2209 713 2270 dubito
734 2209 855 2289 quidem
876 2209 912 2270 da
940 2209 1162 2271 Hollandorum
1183 2230 1255 2291 erga
1274 2231 1332 2274 nos
1354 2213 1415 2273 sin·
1489 2217 1490 2220 ’

295 2322 419 2383 caritate
440 2301 474 2382 ot'
490 2320 563 2396 fide,
585 2319 637 2380 sed
659 2337 776 2396 sempor
797 2339 943 2382 memores
964 2339 1019 2384 nos
1040 2313 1105 2383 ess‘e
1125 2324 1261 2399 oportet,
1275 2323 1415 2384 athomi-

295 2450 348 2493 nes
379 2433 530 2491 atrorum
561 2431 660 2490 status
680 2429 844 2490 mutationi
868 2448 931 2491 esso
952 2430 1103 2493 obnoxios.
1143 2431 1251 2505 Plura,
1274 2451 1353 2513 quac
1377 2431 1414 2492 ad

294 2541 371 2624 hano
384 2558 448 2600 rom
468 2539 638 2616 pertinent,
657 2538 715 2616 ipsi
735 2538 915 2616 intelligitis.
956 2539 994 2600 In
1016 2539 1063 2600 his
1084 2558 1155 2601 vero
1171 2542 1209 2612 et
1227 2540 1296 2600 aliis
1318 2541 1414 2601 omni·

296 2648 367 2725 bus,
399 2665 476 2729 quae
504 2646 703 2710 consultanda
723 2639 828 2723 erunt,
850 2647 989 2724 spiritum
1005 2648 1204 2725 prudentiae,
1225 2649 1414 2710 fortitudinis

295 2760 327 2818 et
347 2758 534 2820 constantiae
555 2776 574 2817 a
593 2756 724 2817 Domino
744 2757 831 2818 vobis
851 2759 971 2834 postulo
992 2761 1023 2820 et
1050 2759 1181 2837 gratiam
1201 2759 1340 2834 iliorum,
1364 2759 1414 2838 qui
1488 2789 1489 2800 ,

294 2867 476 2928 auctoritate
498 2885 554 2930 sus
573 2868 646 2928 haec
666 2885 842 2944 promovere
865 2869 896 2927 et
915 2867 1056 2944 perficere
1077 2870 1201 2947 queunt.
1249 2867 1286 2927 In
1310 2867 1414 2929 eodem

295 2975 425 3038 Domino
446 2977 545 3040 vivete
563 2980 595 3038 et
612 2976 718 3039 valete.
734 2949 752 2977 ‘

336 3083 492 3161 Coloniae,
514 3087 553 3148 26
573 3086 647 3162 Maji
670 3086 758 3148 1581.

291 3729 341 3790 41.
581 3745 739 3788 nauansro
760 3746 882 3789 sonans
903 3731 965 3806 (wic
986 3749 1031 3789 co.
1056 3727 1119 3806 39).

1004 3966 1101 4044 Korn,
1125 3967 1160 4026 11
1184 3966 1259 4028 Juni
1281 3968 1369 4030 1581.

330 4199 465 4259 Salutem
494 4199 665 4274 plurimam.
717 4199 805 4262 Nova
834 4203 889 4260 tua
921 4200 979 4260 etsi
1002 4219 1145 4280 magnum
1170 4202 1245 4262 mibi
1275 4204 1406 4264 dolorem

291 4307 466 4382 attulerint,
488 4306 583 4366 habeo
606 4310 708 4368 tamen
721 4308 779 4368 tibi
792 4308 937 4368 maximas
951 4328 1005 4387 pro
1020 4311 1290 4373 communicatione
1305 4331 1407 4372 eornm

295 4416 426 4496 gratias,
447 4418 478 4476 et
499 4419 534 4476 ut
554 4416 588 4476 in
607 4421 761 4493 posterum
785 4417 852 4495 pari
876 4417 1034 4496 diligentia
1054 4420 1166 4497 utaris,
1188 4421 1314 4500 singulis
1333 4439 1408 4501 quae

293 4527 372 4605 apud
402 4543 458 4586 nos
489 4526 630 4588 accidunt
660 4528 895 4605 perscribendis,
925 4548 1112 4610 summopere
1138 4549 1222 4610 rogo.
1265 4531 1346 4602 Quae
1370 4530 1407 4589 ad

290 4639 410 4698 nostros
440 4639 470 4696 et
500 4636 661 4698 Dominum
692 4639 729 4698 de
760 4638 1403 4720 11888880818881881,1881181818111ζ8888
