3028 5348
266 515 304 578 12
685 531 822 576 rosanus
842 529 972 576 aaaron.

277 693 389 755 litteris
420 710 495 770 quas
527 691 704 770 scripseram
734 691 847 752 Emdae
878 692 917 751 ad
938 690 1007 753 (thr.
1032 691 1071 751 ab
1094 691 1224 752 Eussum
1247 691 1395 768 petieram

278 803 368 864 nnius
387 803 461 863 anni
470 803 601 864 reditum
614 802 688 862 mihi
702 801 779 863 solvi
789 800 975 878 jam-Jacobi
988 801 1136 873 instante,
1151 799 1178 859 si
1190 818 1252 859 non
1264 799 1396 877 impetro

276 914 367 989 paulo
388 911 481 972 serius
502 931 570 972 cum
590 930 624 971 eo
650 929 749 989 agero.
789 909 941 986 Respondi
964 908 1097 970 breviter
1121 910 1159 969 ad
1183 909 1303 969 litteras
1324 910 1397 970 tuas

278 1021 359 1082 inter
390 1021 503 1081 modias
536 1019 746 1097 occupationes
769 1036 862 1079 meas.
904 1017 984 1078 Bene
1007 1017 1091 1091 vale,
1110 1017 1152 1077 mi
1175 1017 1307 1078 Aokema
1327 1036 1398 1079 cnm

280 1150 372 1193 uxore
395 1134 427 1192 et
450 1131 563 1191 liberis.
604 1130 786 1190 Resalutunt
812 1132 843 1191 te
865 1147 966 1190 omnes
985 1128 1054 1190 mci.

321 1239 462 1300 Coloniae
485 1239 615 1316 raptim,
637 1240 656 1298 2
680 1238 753 1298 Jun.
777 1237 864 1297 1579.

981 1374 1064 1435 Tuus
1084 1391 1120 1434 or
1140 1373 1240 1435 animo

988 1482 1027 1543 A.
1047 1482 1224 1544 ALBADA.

642 2233 807 2292 Banasam
827 2233 967 2292 Acunun.

972 2437 1069 2511 Koln,
1092 2438 1130 2498 19
1150 2436 1226 2498 Juni
1251 2440 1340 2501 1579.

325 2670 469 2734 Salutem.
493 2671 563 2732 Non
587 2671 644 2732 tibi
664 2672 778 2745 solum,
800 2671 852 2732 sed
876 2674 907 2733 et
921 2670 1114 2734 universitati
1125 2676 1243 2734 vestrae
1255 2673 1404 2752 scriptum

286 2783 371 2858 volo,
395 2783 431 2841 ut
458 2781 616 2859 diligenter
640 2783 698 2844 sibi
725 2785 868 2856 caveant,
898 2802 936 2842 ne
962 2783 995 2843 in
1019 2785 1195 2846 servitutem
1218 2784 1330 2844 iterum
1350 2807 1405 2848 ve-

284 2891 379 2951 niant.
420 2890 489 2952 Non
516 2891 646 2952 arbitror
668 2911 839 2970 quenquam
862 2911 925 2953 esse
950 2911 985 2952 ex
1009 2893 1109 2970 probis
1132 2893 1265 2967 civibus,
1287 2895 1339 2972 qui
1352 2914 1405 2956 oo-

283 2999 361 3078 gitet
395 2999 489 3078 priori
519 3020 549 3061 se
573 3001 647 3078 jugo
669 3001 704 3060 de
729 3021 807 3061 novo
830 3002 976 3077 subjicere
998 3003 1091 3074 velle,
1114 3003 1164 3062 sed
1188 3002 1260 3062 dum
1284 3003 1404 3066 interne

282 3107 328 3169 ita
360 3109 509 3172 discordes
546 3111 632 3186 estis,
667 3112 767 3174 videte
801 3131 838 3173 ne
863 3113 916 3185 iis,
949 3113 1002 3191 qui
1028 3113 1065 3173 ab
1087 3111 1292 3189 Hispanorum
1315 3115 1404 3189 parte

282 3218 426 3280 hactenus
458 3223 623 3296 steterunt,
656 3225 686 3282 et
717 3240 792 3299 quos
823 3222 904 3282 domi
928 3221 1056 3300 fovetis,
1078 3221 1159 3283 riam
1186 3223 1343 3300 aperiatis,
1365 3225 1405 3282 ut

283 3327 397 3404 aliquid
418 3319 583 3390 moliantur
607 3333 638 3392 ot
659 3331 805 3406 efficiant,
827 3351 885 3409 quo
906 3331 1048 3392 libertate
1072 3335 1174 3393 vestra
1197 3331 1325 3393 secundo
1350 3331 1404 3391 de·

282 3435 472 3497 fraudemini.
517 3437 603 3508 Quod
635 3440 708 3500 haec
741 3440 854 3517 scribo,
877 3459 979 3499 amore
1000 3439 1094 3501 vestri
1118 3443 1149 3500 et
1175 3441 1292 3518 patriae
1315 3459 1402 3500 meae

157 3615 160 3622 ,
283 3545 389 3620 scribo,
400 3563 454 3605 nec
475 3547 537 3608 levi
557 3568 677 3609 rumore
697 3551 813 3621 motus,
835 3549 887 3608 sed
907 3547 967 3608 scio
988 3548 1104 3624 aliquid
1126 3567 1189 3609 esse
1202 3568 1274 3626 prae
1287 3548 1404 3610 foribus

281 3673 341 3733 quo
361 3657 472 3731 putant
493 3655 621 3734 Hispani
642 3657 691 3720 rel
711 3655 868 3734 Hispanici
891 3656 1036 3730 quosdam
1050 3655 1083 3715 in
1097 3655 1255 3718 civitatem
1268 3659 1404 3719 vestram

282 3764 489 3842 introducere,
512 3785 565 3844 per
586 3748 660 3844 quos
681 3785 787 3828 rursus
810 3765 968 3843 imperium
989 3765 1022 3825 in
1042 3785 1098 3827 vos
1120 3765 1286 3828 obtineant.
1327 3766 1405 3829 Am·

284 3873 365 3950 plius
386 3875 514 3937 scribere
536 3876 594 3937 tibi
613 3895 675 3937 non
695 3877 805 3950 audeo,
836 3895 875 3935 ne
894 3875 1000 3936 literas
1022 3875 1135 3937 alicubi
1154 3877 1404 3955 intercipiantur,

283 3986 336 4045 sed
365 3988 444 4046 aedo
474 3987 541 4046 miti
570 3987 712 4063 expedire,
744 3995 774 4044 at
800 3995 922 4048 mutuom
943 3986 1118 4047 concordiam
1138 3986 1210 4046 rirtcr
1228 4006 1275 4049 cos
1294 3997 1321 4048 ct
1340 4007 1404 4049 cum

284 4113 352 4172 apro
372 4096 495 4156 tabentis
516 4106 541 4156 ct
562 4096 676 4170 ineatis,
708 4115 743 4155 cc
764 4097 793 4155 ic
813 4097 951 4173 relligione
978 4117 1012 4156 nc
1032 4098 1089 4156 Dei
1105 4097 1242 4158 voluntati
1258 4097 1403 4170 recatans,

284 4205 336 4282 qui
365 4205 508 4292 libertati¹
531 4205 783 4267 conscientiarum
810 4205 921 4281 ubique
944 4206 1045 4266 locum
1067 4205 1133 4266 dari
1155 4206 1299 4282 requirit,
1321 4207 1404 4283 quod

285 4317 394 4390 eventa
424 4289 511 4374 alibi.
529 4313 602 4374 satis
635 4315 737 4389 aperte
758 4315 933 4376 ostendunt.
973 4314 1044 4374 Non
1066 4314 1126 4375 scio
1149 4315 1240 4375 etiam
1261 4317 1403 4376 anscote

284 4423 419 4498 faciatis,
434 4422 512 4499 quod
527 4421 565 4481 ab
575 4421 686 4482 unione
697 4399 863 4483 vicinarum
877 4422 1102 4500 provinciarum
1115 4441 1169 4484 ros
1184 4441 1306 4501 prorsus
1316 4443 1403 4502 sepa-

285 4551 352 4593 rare
372 4531 484 4592 velitis.
512 4529 586 4591 Oum
597 4530 741 4609 Hispanis
751 4533 838 4608 unio,
851 4533 981 4611 perditio
992 4535 1095 4595 vestra
1106 4535 1161 4594 est.
1202 4532 1266 4594 Nos
1277 4533 1311 4594 in
1320 4537 1403 4596 trao-

285 4641 401 4703 tatione
413 4639 495 4718 pacis
506 4641 586 4702 lente
597 4642 820 4721 progredimur,
832 4644 954 4704 sednon
965 4643 1047 4724 omni
1060 4661 1113 4721 spo
1128 4643 1225 4728 adhuc
1246 4645 1402 4724 perficien-
