<?xml version="1.0" encoding="UTF-8"?>
<!DOCTYPE html PUBLIC "-//W3C//DTD XHTML 1.0 Transitional//EN"
    "http://www.w3.org/TR/xhtml1/DTD/xhtml1-transitional.dtd">
<html xmlns="http://www.w3.org/1999/xhtml" xml:lang="en" lang="en">
 <head>
  <title>
</title>
<meta http-equiv="Content-Type" content="text/html;charset=utf-8" />
  <meta name='ocr-system' content='tesseract 3.04.00' />
  <meta name='ocr-capabilities' content='ocr_page ocr_carea ocr_par ocr_line ocrx_word'/>
</head>
<body>
  <div class='ocr_page' id='page_1' title='image "./briefedesaggaeu00ackegoog_0073.png"; bbox 0 0 3028 5348; ppageno 0'>
   <div class='ocr_carea' id='block_1_1' title="bbox 300 505 1000 590">
    <p class='ocr_par' dir='ltr' id='par_1_1' title="bbox 300 505 1000 590">
     <span class='ocr_line' id='line_1_1' title="bbox 300 505 1000 590; baseline -0.001 0"><span class='ocrx_word' id='word_1_1' title='bbox 300 533 340 590; x_wconf 84' lang='lat'><strong>44</strong></span> <span class='ocrx_word' id='word_1_2' title='bbox 566 505 571 518; x_wconf 55' lang='grc'><strong><em>’</em></strong></span> <span class='ocrx_word' id='word_1_3' title='bbox 718 543 1000 590; x_wconf 79' lang='grc'><strong>1661666116161.</strong></span> 
     </span>
    </p>
   </div>
   <div class='ocr_carea' id='block_1_2' title="bbox 300 705 1424 896">
    <p class='ocr_par' dir='ltr' id='par_1_2' title="bbox 300 705 1424 896">
     <span class='ocr_line' id='line_1_2' title="bbox 300 705 1422 787; baseline -0.002 -17"><span class='ocrx_word' id='word_1_4' title='bbox 300 709 367 787; x_wconf 86' lang='lat' dir='ltr'><strong>jam</strong></span> <span class='ocrx_word' id='word_1_5' title='bbox 387 707 577 785; x_wconf 85' lang='lat' dir='ltr'><strong>Antwerpiee</strong></span> <span class='ocrx_word' id='word_1_6' title='bbox 598 705 678 785; x_wconf 89' lang='lat' dir='ltr'><strong>apud</strong></span> <span class='ocrx_word' id='word_1_7' title='bbox 698 706 875 768; x_wconf 72' lang='lat' dir='ltr'><strong>Plautinum</strong></span> <span class='ocrx_word' id='word_1_8' title='bbox 898 705 1078 783; x_wconf 88' lang='lat' dir='ltr'><strong>impressum</strong></span> <span class='ocrx_word' id='word_1_9' title='bbox 1102 705 1250 782; x_wconf 76' lang='lat' dir='ltr'><strong>arbitror,</strong></span> <span class='ocrx_word' id='word_1_10' title='bbox 1281 705 1422 768; x_wconf 70' lang='lat' dir='ltr'><strong>fortassis</strong></span> 
     </span>
     <span class='ocr_line' id='line_1_3' title="bbox 302 814 1424 896; baseline -0.003 -17"><span class='ocrx_word' id='word_1_11' title='bbox 302 818 424 896; x_wconf 87' lang='lat' dir='ltr'><strong>justitia</strong></span> <span class='ocrx_word' id='word_1_12' title='bbox 455 835 562 878; x_wconf 87' lang='lat' dir='ltr'><strong>eausae</strong></span> <span class='ocrx_word' id='word_1_13' title='bbox 592 819 715 878; x_wconf 83' lang='lat' dir='ltr'><strong>nostrae</strong></span> <span class='ocrx_word' id='word_1_14' title='bbox 744 819 776 876; x_wconf 91' lang='lat' dir='ltr'><strong>et</strong></span> <span class='ocrx_word' id='word_1_15' title='bbox 804 814 861 875; x_wconf 92' lang='lat' dir='ltr'><strong>Dei</strong></span> <span class='ocrx_word' id='word_1_16' title='bbox 881 816 1040 876; x_wconf 89' lang='lat' dir='ltr'><strong>voluntate</strong></span> <span class='ocrx_word' id='word_1_17' title='bbox 1061 815 1251 876; x_wconf 77' lang='lat' dir='ltr'><strong>considerata</strong></span> <span class='ocrx_word' id='word_1_18' title='bbox 1273 816 1306 877; x_wconf 92' lang='lat' dir='ltr'><strong>in</strong></span> <span class='ocrx_word' id='word_1_19' title='bbox 1326 815 1424 894; x_wconf 88' lang='lat' dir='ltr'><strong>priori</strong></span> 
     </span>
    </p>
   </div>
   <div class='ocr_carea' id='block_1_3' title="bbox 102 924 1425 1005">
    <p class='ocr_par' dir='ltr' id='par_1_3' title="bbox 102 924 1425 1005">
     <span class='ocr_line' id='line_1_4' title="bbox 102 924 1425 1005; baseline -0.002 -18"><span class='ocrx_word' id='word_1_20' title='bbox 102 927 112 944; x_wconf 77' lang='lat'><em>⁹</em></span> <span class='ocrx_word' id='word_1_21' title='bbox 197 976 199 982; x_wconf 70' lang='grc'><strong>,</strong></span> <span class='ocrx_word' id='word_1_22' title='bbox 307 925 472 1001; x_wconf 84' lang='grc'><strong>6661611116,</strong></span> <span class='ocrx_word' id='word_1_23' title='bbox 503 943 594 1005; x_wconf 84' lang='lat' dir='ltr'><strong>qnam</strong></span> <span class='ocrx_word' id='word_1_24' title='bbox 626 925 769 984; x_wconf 86' lang='lat' dir='ltr'><strong>haetenus</strong></span> <span class='ocrx_word' id='word_1_25' title='bbox 801 925 945 1001; x_wconf 88' lang='lat' dir='ltr'><strong>sequutus</strong></span> <span class='ocrx_word' id='word_1_26' title='bbox 969 926 1031 999; x_wconf 90' lang='lat' dir='ltr'><strong>est,</strong></span> <span class='ocrx_word' id='word_1_27' title='bbox 1050 925 1100 985; x_wconf 84' lang='lat' dir='ltr'><strong>vel</strong></span> <span class='ocrx_word' id='word_1_28' title='bbox 1119 925 1226 986; x_wconf 81' lang='lat' dir='ltr'><strong>saltem</strong></span> <span class='ocrx_word' id='word_1_29' title='bbox 1251 924 1425 997; x_wconf 84' lang='lat' dir='ltr'><strong>simulavit,</strong></span> 
     </span>
    </p>
   </div>
   <div class='ocr_carea' id='block_1_4' title="bbox 232 1032 1430 2410">
    <p class='ocr_par' dir='ltr' id='par_1_4' title="bbox 232 1032 1430 2410">
     <span class='ocr_line' id='line_1_5' title="bbox 306 1032 1426 1112; baseline -0.004 -16"><span class='ocrx_word' id='word_1_30' title='bbox 306 1036 520 1112; x_wconf 87' lang='lat' dir='ltr'><strong>perseveraret.</strong></span> <span class='ocrx_word' id='word_1_31' title='bbox 561 1032 638 1104; x_wconf 80' lang='lat' dir='ltr'><strong>Quid</strong></span> <span class='ocrx_word' id='word_1_32' title='bbox 658 1033 732 1093; x_wconf 89' lang='lat' dir='ltr'><strong>meis</strong></span> <span class='ocrx_word' id='word_1_33' title='bbox 754 1032 884 1093; x_wconf 79' lang='lat' dir='ltr'><strong>scribam</strong></span> <span class='ocrx_word' id='word_1_34' title='bbox 911 1050 946 1092; x_wconf 86' lang='lat' dir='ltr'><strong>ex</strong></span> <span class='ocrx_word' id='word_1_35' title='bbox 970 1032 1124 1109; x_wconf 74' lang='lat' dir='ltr'><strong>adjunctis</strong></span> <span class='ocrx_word' id='word_1_36' title='bbox 1144 1032 1241 1094; x_wconf 89' lang='lat' dir='ltr'><strong>literis</strong></span> <span class='ocrx_word' id='word_1_37' title='bbox 1254 1051 1426 1112; x_wconf 76' lang='lat' dir='ltr'><strong>eognosoos.</strong></span> 
     </span>
     <span class='ocr_line' id='line_1_6' title="bbox 310 1140 1427 1223; baseline -0.002 -19"><span class='ocrx_word' id='word_1_38' title='bbox 310 1142 385 1204; x_wconf 79' lang='grc'><strong>0616</strong></span> <span class='ocrx_word' id='word_1_39' title='bbox 406 1143 539 1204; x_wconf 85' lang='lat' dir='ltr'><strong>Alberda</strong></span> <span class='ocrx_word' id='word_1_40' title='bbox 564 1145 595 1202; x_wconf 91' lang='lat' dir='ltr'><strong>et</strong></span> <span class='ocrx_word' id='word_1_41' title='bbox 615 1141 738 1223; x_wconf 88' lang='lat' dir='ltr'><strong>reliquis</strong></span> <span class='ocrx_word' id='word_1_42' title='bbox 759 1140 931 1202; x_wconf 84' lang='lat' dir='ltr'><strong>amantibus</strong></span> <span class='ocrx_word' id='word_1_43' title='bbox 955 1141 1095 1203; x_wconf 75' lang='grc'><strong>6611116116</strong></span> <span class='ocrx_word' id='word_1_44' title='bbox 1121 1146 1153 1202; x_wconf 90' lang='grc'><strong>61</strong></span> <span class='ocrx_word' id='word_1_45' title='bbox 1172 1141 1323 1202; x_wconf 74' lang='lat' dir='ltr'><strong>libertatis</strong></span> <span class='ocrx_word' id='word_1_46' title='bbox 1345 1160 1427 1202; x_wconf 88' lang='lat' dir='ltr'><strong>oom-</strong></span> 
     </span>
     <span class='ocr_line' id='line_1_7' title="bbox 308 1250 1427 1332; baseline -0.003 -19"><span class='ocrx_word' id='word_1_47' title='bbox 308 1252 407 1314; x_wconf 91' lang='lat' dir='ltr'><strong>munis</strong></span> <span class='ocrx_word' id='word_1_48' title='bbox 426 1253 591 1326; x_wconf 79' lang='lat' dir='ltr'><strong>consulite,</strong></span> <span class='ocrx_word' id='word_1_49' title='bbox 612 1252 760 1332; x_wconf 92' lang='lat' dir='ltr'><strong>quomodo</strong></span> <span class='ocrx_word' id='word_1_50' title='bbox 781 1251 850 1312; x_wconf 86' lang='lat' dir='ltr'><strong>buia</strong></span> <span class='ocrx_word' id='word_1_51' title='bbox 871 1251 951 1311; x_wconf 85' lang='lat' dir='ltr'><strong>malo</strong></span> <span class='ocrx_word' id='word_1_52' title='bbox 976 1250 1096 1312; x_wconf 88' lang='lat' dir='ltr'><strong>obviam</strong></span> <span class='ocrx_word' id='word_1_53' title='bbox 1116 1251 1155 1311; x_wconf 89' lang='lat' dir='ltr'><strong>iri</strong></span> <span class='ocrx_word' id='word_1_54' title='bbox 1167 1251 1273 1329; x_wconf 85' lang='lat' dir='ltr'><strong>possit.</strong></span> <span class='ocrx_word' id='word_1_55' title='bbox 1312 1251 1352 1311; x_wconf 92' lang='lat' dir='ltr'><strong>In</strong></span> <span class='ocrx_word' id='word_1_56' title='bbox 1376 1270 1427 1312; x_wconf 82' lang='lat' dir='ltr'><strong>er·</strong></span> 
     </span>
     <span class='ocr_line' id='line_1_8' title="bbox 309 1359 1428 1439; baseline -0.003 -16"><span class='ocrx_word' id='word_1_57' title='bbox 309 1362 413 1423; x_wconf 88' lang='lat' dir='ltr'><strong>tremis</strong></span> <span class='ocrx_word' id='word_1_58' title='bbox 444 1361 672 1423; x_wconf 85' lang='lat' dir='ltr'><strong>necessitatibus</strong></span> <span class='ocrx_word' id='word_1_59' title='bbox 693 1361 833 1423; x_wconf 79' lang='lat' dir='ltr'><strong>extremis</strong></span> <span class='ocrx_word' id='word_1_60' title='bbox 853 1379 939 1439; x_wconf 88' lang='lat' dir='ltr'><strong>saepe</strong></span> <span class='ocrx_word' id='word_1_61' title='bbox 960 1360 1092 1422; x_wconf 82' lang='lat' dir='ltr'><strong>consiliis</strong></span> <span class='ocrx_word' id='word_1_62' title='bbox 1113 1379 1189 1438; x_wconf 89' lang='lat' dir='ltr'><strong>opus</strong></span> <span class='ocrx_word' id='word_1_63' title='bbox 1208 1363 1265 1422; x_wconf 89' lang='lat' dir='ltr'><strong>est.</strong></span> <span class='ocrx_word' id='word_1_64' title='bbox 1305 1359 1428 1422; x_wconf 85' lang='lat' dir='ltr'><strong>Nihilo·</strong></span> 
     </span>
     <span class='ocr_line' id='line_1_9' title="bbox 309 1468 1427 1548; baseline -0.004 -15"><span class='ocrx_word' id='word_1_65' title='bbox 309 1472 408 1533; x_wconf 88' lang='lat' dir='ltr'><strong>minus</strong></span> <span class='ocrx_word' id='word_1_66' title='bbox 439 1472 572 1532; x_wconf 89' lang='lat' dir='ltr'><strong>nondum</strong></span> <span class='ocrx_word' id='word_1_67' title='bbox 599 1469 674 1530; x_wconf 92' lang='lat' dir='ltr'><strong>mihi</strong></span> <span class='ocrx_word' id='word_1_68' title='bbox 694 1470 777 1531; x_wconf 89' lang='lat' dir='ltr'><strong>istud</strong></span> <span class='ocrx_word' id='word_1_69' title='bbox 801 1470 980 1546; x_wconf 87' lang='lat' dir='ltr'><strong>persuadere</strong></span> <span class='ocrx_word' id='word_1_70' title='bbox 1007 1487 1100 1548; x_wconf 91' lang='lat' dir='ltr'><strong>queo,</strong></span> <span class='ocrx_word' id='word_1_71' title='bbox 1121 1472 1154 1530; x_wconf 90' lang='grc'><strong>61</strong></span> <span class='ocrx_word' id='word_1_72' title='bbox 1174 1468 1427 1548; x_wconf 86' lang='lat' dir='ltr'><strong>agratinatque</strong></span> 
     </span>
     <span class='ocr_line' id='line_1_10' title="bbox 308 1578 1428 1656; baseline -0.004 -13"><span class='ocrx_word' id='word_1_73' title='bbox 308 1581 513 1643; x_wconf 81' lang='lat' dir='ltr'><strong>misericordia</strong></span> <span class='ocrx_word' id='word_1_74' title='bbox 531 1579 653 1640; x_wconf 90' lang='lat' dir='ltr'><strong>Domini</strong></span> <span class='ocrx_word' id='word_1_75' title='bbox 673 1597 758 1656; x_wconf 85' lang='lat' dir='ltr'><strong>spero</strong></span> <span class='ocrx_word' id='word_1_76' title='bbox 780 1579 877 1640; x_wconf 87' lang='lat' dir='ltr'><strong>solnm</strong></span> <span class='ocrx_word' id='word_1_77' title='bbox 896 1578 988 1639; x_wconf 85' lang='lat' dir='ltr'><strong>verba</strong></span> <span class='ocrx_word' id='word_1_78' title='bbox 1010 1578 1047 1638; x_wconf 89' lang='lat' dir='ltr'><strong>de</strong></span> <span class='ocrx_word' id='word_1_79' title='bbox 1061 1579 1117 1639; x_wconf 88' lang='lat' dir='ltr'><strong>hae</strong></span> <span class='ocrx_word' id='word_1_80' title='bbox 1130 1596 1163 1638; x_wconf 91' lang='lat' dir='ltr'><strong>re</strong></span> <span class='ocrx_word' id='word_1_81' title='bbox 1177 1580 1327 1653; x_wconf 78' lang='lat' dir='ltr'><strong>evolasse,</strong></span> <span class='ocrx_word' id='word_1_82' title='bbox 1341 1580 1428 1656; x_wconf 91' lang='lat' dir='ltr'><strong>post·</strong></span> 
     </span>
     <span class='ocr_line' id='line_1_11' title="bbox 308 1685 1428 1773; baseline -0.004 -22"><span class='ocrx_word' id='word_1_83' title='bbox 308 1710 399 1773; x_wconf 88' lang='lat' dir='ltr'><strong>quam</strong></span> <span class='ocrx_word' id='word_1_84' title='bbox 422 1687 603 1750; x_wconf 87' lang='lat' dir='ltr'><strong>intellexerit</strong></span> <span class='ocrx_word' id='word_1_85' title='bbox 625 1688 662 1748; x_wconf 89' lang='lat' dir='ltr'><strong>de</strong></span> <span class='ocrx_word' id='word_1_86' title='bbox 685 1686 799 1748; x_wconf 91' lang='lat' dir='ltr'><strong>areium</strong></span> <span class='ocrx_word' id='word_1_87' title='bbox 819 1687 1021 1747; x_wconf 86' lang='lat' dir='ltr'><strong>demolitione.</strong></span> <span class='ocrx_word' id='word_1_88' title='bbox 1061 1685 1259 1764; x_wconf 80' lang='lat' dir='ltr'><strong>¹Scripseram</strong></span> <span class='ocrx_word' id='word_1_89' title='bbox 1280 1687 1319 1746; x_wconf 85' lang='lat' dir='ltr'><strong>sd</strong></span> <span class='ocrx_word' id='word_1_90' title='bbox 1340 1686 1428 1747; x_wconf 89' lang='lat' dir='ltr'><strong>illus·</strong></span> 
     </span>
     <span class='ocr_line' id='line_1_12' title="bbox 308 1793 1429 1878; baseline -0.006 -15"><span class='ocrx_word' id='word_1_91' title='bbox 308 1793 472 1863; x_wconf 85' lang='lat' dir='ltr'><strong>trissimam</strong></span> <span class='ocrx_word' id='word_1_92' title='bbox 503 1798 682 1878; x_wconf 82' lang='lat' dir='ltr'><strong>dignitatem</strong></span> <span class='ocrx_word' id='word_1_93' title='bbox 712 1797 776 1874; x_wconf 86' lang='lat' dir='ltr'><strong>ejus</strong></span> <span class='ocrx_word' id='word_1_94' title='bbox 806 1797 860 1858; x_wconf 87' lang='lat' dir='ltr'><strong>bas</strong></span> <span class='ocrx_word' id='word_1_95' title='bbox 884 1796 1042 1874; x_wconf 76' lang='lat' dir='ltr'><strong>adjunctas</strong></span> <span class='ocrx_word' id='word_1_96' title='bbox 1064 1796 1187 1872; x_wconf 85' lang='lat' dir='ltr'><strong>literas,</strong></span> <span class='ocrx_word' id='word_1_97' title='bbox 1207 1797 1259 1857; x_wconf 86' lang='lat' dir='ltr'><strong>sed</strong></span> <span class='ocrx_word' id='word_1_98' title='bbox 1280 1814 1349 1856; x_wconf 88' lang='lat' dir='ltr'><strong>enm</strong></span> <span class='ocrx_word' id='word_1_99' title='bbox 1374 1816 1429 1873; x_wconf 89' lang='lat' dir='ltr'><strong>per</strong></span> 
     </span>
     <span class='ocr_line' id='line_1_13' title="bbox 309 1887 1430 1988; baseline -0.004 -16"><span class='ocrx_word' id='word_1_100' title='bbox 309 1913 415 1973; x_wconf 86' lang='lat' dir='ltr'><strong>literas</strong></span> <span class='ocrx_word' id='word_1_101' title='bbox 425 1913 495 1971; x_wconf 89' lang='lat' dir='ltr'><strong>tuas</strong></span> <span class='ocrx_word' id='word_1_102' title='bbox 507 1887 616 1968; x_wconf 80' lang='lat' dir='ltr'><strong>dubius</strong></span> <span class='ocrx_word' id='word_1_103' title='bbox 626 1907 724 1968; x_wconf 86' lang='lat' dir='ltr'><strong>faetus</strong></span> <span class='ocrx_word' id='word_1_104' title='bbox 735 1906 1067 1968; x_wconf 85' lang='lat' dir='ltr'><strong>simetransmitteudo</strong></span> <span class='ocrx_word' id='word_1_105' title='bbox 1077 1926 1125 1966; x_wconf 93' lang='lat' dir='ltr'><strong>me</strong></span> <span class='ocrx_word' id='word_1_106' title='bbox 1135 1905 1279 1967; x_wconf 86' lang='lat' dir='ltr'><strong>eontinni.</strong></span> <span class='ocrx_word' id='word_1_107' title='bbox 1306 1906 1430 1988; x_wconf 79' lang='lat' dir='ltr'><strong>Reliqui</strong></span> 
     </span>
     <span class='ocr_line' id='line_1_14' title="bbox 310 2014 1429 2101; baseline -0.004 -20"><span class='ocrx_word' id='word_1_108' title='bbox 310 2021 437 2082; x_wconf 87' lang='lat' dir='ltr'><strong>arbitrio</strong></span> <span class='ocrx_word' id='word_1_109' title='bbox 461 2019 649 2101; x_wconf 89' lang='lat' dir='ltr'><strong>quorundam</strong></span> <span class='ocrx_word' id='word_1_110' title='bbox 671 2036 708 2078; x_wconf 83' lang='lat' dir='ltr'><strong>ex</strong></span> <span class='ocrx_word' id='word_1_111' title='bbox 727 2015 840 2078; x_wconf 89' lang='lat' dir='ltr'><strong>nostris</strong></span> <span class='ocrx_word' id='word_1_112' title='bbox 857 2035 897 2078; x_wconf 89' lang='lat' dir='ltr'><strong>an</strong></span> <span class='ocrx_word' id='word_1_113' title='bbox 917 2015 1039 2076; x_wconf 88' lang='lat' dir='ltr'><strong>mittere</strong></span> <span class='ocrx_word' id='word_1_114' title='bbox 1060 2031 1110 2076; x_wconf 85' lang='lat' dir='ltr'><strong>eas</strong></span> <span class='ocrx_word' id='word_1_115' title='bbox 1129 2014 1237 2092; x_wconf 87' lang='lat' dir='ltr'><strong>velint,</strong></span> <span class='ocrx_word' id='word_1_116' title='bbox 1258 2033 1299 2076; x_wconf 91' lang='grc'><strong>66</strong></span> <span class='ocrx_word' id='word_1_117' title='bbox 1311 2016 1429 2092; x_wconf 90' lang='grc'><strong>66111).</strong></span> 
     </span>
     <span class='ocr_line' id='line_1_15' title="bbox 232 2125 1430 2203; baseline -0.003 -12"><span class='ocrx_word' id='word_1_118' title='bbox 232 2157 234 2161; x_wconf 48' lang='lat'><strong><em>⁴</em></strong></span> <span class='ocrx_word' id='word_1_119' title='bbox 312 2129 440 2192; x_wconf 77' lang='lat' dir='ltr'><strong>Causam</strong></span> <span class='ocrx_word' id='word_1_120' title='bbox 468 2131 600 2191; x_wconf 87' lang='lat' dir='ltr'><strong>vestram</strong></span> <span class='ocrx_word' id='word_1_121' title='bbox 632 2129 847 2188; x_wconf 88' lang='lat' dir='ltr'><strong>auostrorum</strong></span> <span class='ocrx_word' id='word_1_122' title='bbox 868 2144 975 2186; x_wconf 84' lang='lat' dir='ltr'><strong>nausea</strong></span> <span class='ocrx_word' id='word_1_123' title='bbox 998 2144 1036 2186; x_wconf 91' lang='lat' dir='ltr'><strong>ne</strong></span> <span class='ocrx_word' id='word_1_124' title='bbox 1057 2127 1209 2203; x_wconf 85' lang='lat' dir='ltr'><strong>seperate,</strong></span> <span class='ocrx_word' id='word_1_125' title='bbox 1231 2125 1283 2190; x_wconf 80' lang='lat' dir='ltr'><strong>sed</strong></span> <span class='ocrx_word' id='word_1_126' title='bbox 1303 2128 1430 2188; x_wconf 84' lang='lat' dir='ltr'><strong>mutuae</strong></span> 
     </span>
     <span class='ocr_line' id='line_1_16' title="bbox 310 2222 1429 2314; baseline -0.005 -12"><span class='ocrx_word' id='word_1_127' title='bbox 310 2240 434 2302; x_wconf 78' lang='lat' dir='ltr'><strong>oonsilio</strong></span> <span class='ocrx_word' id='word_1_128' title='bbox 454 2241 485 2299; x_wconf 90' lang='lat' dir='ltr'><strong>et</strong></span> <span class='ocrx_word' id='word_1_129' title='bbox 506 2222 617 2298; x_wconf 85' lang='lat' dir='ltr'><strong>auxilia</strong></span> <span class='ocrx_word' id='word_1_130' title='bbox 638 2235 780 2298; x_wconf 81' lang='lat' dir='ltr'><strong>conferte.</strong></span> <span class='ocrx_word' id='word_1_131' title='bbox 833 2236 914 2296; x_wconf 86' lang='lat' dir='ltr'><strong>Beue</strong></span> <span class='ocrx_word' id='word_1_132' title='bbox 935 2236 1016 2310; x_wconf 85' lang='lat' dir='ltr'><strong>vale,</strong></span> <span class='ocrx_word' id='word_1_133' title='bbox 1039 2235 1087 2297; x_wconf 79' lang='lat' dir='ltr'><strong>vir</strong></span> <span class='ocrx_word' id='word_1_134' title='bbox 1101 2234 1325 2312; x_wconf 87' lang='lat' dir='ltr'><strong>amentissime,</strong></span> <span class='ocrx_word' id='word_1_135' title='bbox 1339 2253 1429 2314; x_wconf 86' lang='lat' dir='ltr'><strong>prae·</strong></span> 
     </span>
     <span class='ocr_line' id='line_1_17' title="bbox 309 2345 1043 2410; baseline -0.005 0"><span class='ocrx_word' id='word_1_136' title='bbox 309 2350 398 2410; x_wconf 88' lang='lat' dir='ltr'><strong>dietis</strong></span> <span class='ocrx_word' id='word_1_137' title='bbox 420 2347 557 2408; x_wconf 91' lang='lat' dir='ltr'><strong>omnibus</strong></span> <span class='ocrx_word' id='word_1_138' title='bbox 577 2347 715 2408; x_wconf 85' lang='lat' dir='ltr'><strong>salutem.</strong></span> <span class='ocrx_word' id='word_1_139' title='bbox 756 2345 898 2407; x_wconf 82' lang='lat' dir='ltr'><strong>Salutaut</strong></span> <span class='ocrx_word' id='word_1_140' title='bbox 919 2349 950 2408; x_wconf 91' lang='lat' dir='ltr'><strong>te</strong></span> <span class='ocrx_word' id='word_1_141' title='bbox 972 2345 1043 2407; x_wconf 89' lang='lat' dir='ltr'><strong>mei.</strong></span> 
     </span>
    </p>
   </div>
   <div class='ocr_carea' id='block_1_5' title="bbox 351 2456 1346 2626">
    <p class='ocr_par' dir='ltr' id='par_1_5' title="bbox 351 2456 1346 2626">
     <span class='ocr_line' id='line_1_18' title="bbox 351 2456 766 2531; baseline 0 -13"><span class='ocrx_word' id='word_1_142' title='bbox 351 2458 507 2531; x_wconf 79' lang='lat' dir='ltr'><strong>Coloniae,</strong></span> <span class='ocrx_word' id='word_1_143' title='bbox 529 2459 547 2516; x_wconf 99' lang='grc'><strong>5</strong></span> <span class='ocrx_word' id='word_1_144' title='bbox 569 2456 655 2518; x_wconf 86' lang='lat' dir='ltr'><strong>Febr.</strong></span> <span class='ocrx_word' id='word_1_145' title='bbox 678 2457 766 2518; x_wconf 84' lang='grc'><strong>1580.</strong></span> 
     </span>
     <span class='ocr_line' id='line_1_19' title="bbox 1248 2563 1346 2626; baseline 0.02 -3"><span class='ocrx_word' id='word_1_146' title='bbox 1248 2563 1285 2626; x_wconf 79' lang='grc' dir='ltr'><strong>Α.</strong></span> <span class='ocrx_word' id='word_1_147' title='bbox 1308 2564 1346 2626; x_wconf 79' lang='grc' dir='ltr'><strong>Α.</strong></span> 
     </span>
    </p>
   </div>
   <div class='ocr_carea' id='block_1_6' title="bbox 773 2845 962 2859">
    <p class='ocr_par' dir='ltr' id='par_1_6' title="bbox 773 2845 962 2859">
     <span class='ocr_line' id='line_1_20' title="bbox 773 2845 962 2859; baseline -0.005 0"><span class='ocrx_word' id='word_1_148' title='bbox 773 2845 962 2859; x_wconf 52' lang='lat' dir='ltr'><strong>c*—</strong></span> 
     </span>
    </p>
   </div>
   <div class='ocr_carea' id='block_1_7' title="bbox 692 3091 1385 3344">
    <p class='ocr_par' dir='ltr' id='par_1_7' title="bbox 692 3091 1385 3344">
     <span class='ocr_line' id='line_1_21' title="bbox 692 3091 1045 3168; baseline 0.006 -18"><span class='ocrx_word' id='word_1_149' title='bbox 692 3091 741 3150; x_wconf 81' lang='lat' dir='ltr'><strong>Ad</strong></span> <span class='ocrx_word' id='word_1_150' title='bbox 760 3093 905 3168; x_wconf 71' lang='lat' dir='ltr'><strong>dpotetos</strong></span> <span class='ocrx_word' id='word_1_151' title='bbox 925 3091 1045 3152; x_wconf 68' lang='grc'><strong>1111166.</strong></span> 
     </span>
     <span class='ocr_line' id='line_1_22' title="bbox 1027 3267 1385 3344; baseline 0.006 -15"><span class='ocrx_word' id='word_1_152' title='bbox 1027 3269 1122 3344; x_wconf 83' lang='lat' dir='ltr'><strong>Koln,</strong></span> <span class='ocrx_word' id='word_1_153' title='bbox 1145 3270 1162 3328; x_wconf 93' lang='lat'>1</span> <span class='ocrx_word' id='word_1_154' title='bbox 1184 3268 1272 3332; x_wconf 84' lang='lat' dir='ltr'><strong>Febr.</strong></span> <span class='ocrx_word' id='word_1_155' title='bbox 1294 3267 1385 3332; x_wconf 88' lang='grc'><strong>1580.</strong></span> 
     </span>
    </p>
   </div>
   <div class='ocr_carea' id='block_1_8' title="bbox 261 3445 1429 4514">
    <p class='ocr_par' dir='ltr' id='par_1_8' title="bbox 261 3445 1429 4404">
     <span class='ocr_line' id='line_1_23' title="bbox 347 3445 1429 3526; baseline 0.002 -18"><span class='ocrx_word' id='word_1_156' title='bbox 347 3448 490 3510; x_wconf 82' lang='lat' dir='ltr'><strong>Salutem.</strong></span> <span class='ocrx_word' id='word_1_157' title='bbox 530 3448 652 3510; x_wconf 87' lang='lat' dir='ltr'><strong>Domini</strong></span> <span class='ocrx_word' id='word_1_158' title='bbox 682 3452 714 3509; x_wconf 90' lang='grc'><strong>61</strong></span> <span class='ocrx_word' id='word_1_159' title='bbox 746 3447 844 3508; x_wconf 81' lang='lat' dir='ltr'><strong>amini.</strong></span> <span class='ocrx_word' id='word_1_160' title='bbox 884 3445 968 3508; x_wconf 88' lang='lat' dir='ltr'><strong>Haeo</strong></span> <span class='ocrx_word' id='word_1_161' title='bbox 989 3465 1068 3510; x_wconf 87' lang='lat' dir='ltr'><strong>nova</strong></span> <span class='ocrx_word' id='word_1_162' title='bbox 1091 3448 1180 3508; x_wconf 92' lang='lat' dir='ltr'><strong>modo</strong></span> <span class='ocrx_word' id='word_1_163' title='bbox 1202 3447 1277 3508; x_wconf 88' lang='lat' dir='ltr'><strong>mibi</strong></span> <span class='ocrx_word' id='word_1_164' title='bbox 1298 3449 1429 3526; x_wconf 87' lang='lat' dir='ltr'><strong>perseri-</strong></span> 
     </span>
     <span class='ocr_line' id='line_1_24' title="bbox 261 3557 1428 3638; baseline 0.002 -20"><span class='ocrx_word' id='word_1_165' title='bbox 261 3568 266 3578; x_wconf 84' lang='lat'><em>&#39;</em></span> <span class='ocrx_word' id='word_1_166' title='bbox 304 3559 419 3619; x_wconf 89' lang='lat' dir='ltr'><strong>buntur</strong></span> <span class='ocrx_word' id='word_1_167' title='bbox 436 3559 477 3635; x_wconf 83' lang='lat'><strong>2).</strong></span> <span class='ocrx_word' id='word_1_168' title='bbox 528 3558 592 3636; x_wconf 81' lang='lat' dir='ltr'><strong>Ego</strong></span> <span class='ocrx_word' id='word_1_169' title='bbox 621 3558 712 3632; x_wconf 92' lang='lat' dir='ltr'><strong>nihil,</strong></span> <span class='ocrx_word' id='word_1_170' title='bbox 744 3557 873 3633; x_wconf 90' lang='lat' dir='ltr'><strong>domini,</strong></span> <span class='ocrx_word' id='word_1_171' title='bbox 903 3576 957 3634; x_wconf 90' lang='lat' dir='ltr'><strong>pro</strong></span> <span class='ocrx_word' id='word_1_172' title='bbox 983 3561 1065 3620; x_wconf 88' lang='lat' dir='ltr'><strong>oerto</strong></span> <span class='ocrx_word' id='word_1_173' title='bbox 1090 3558 1257 3638; x_wconf 73' lang='lat' dir='ltr'><strong>siguificare</strong></span> <span class='ocrx_word' id='word_1_174' title='bbox 1287 3577 1428 3637; x_wconf 87' lang='lat' dir='ltr'><strong>possum,</strong></span> 
     </span>
     <span class='ocr_line' id='line_1_25' title="bbox 305 3665 1428 3756; baseline 0 -28"><span class='ocrx_word' id='word_1_175' title='bbox 305 3670 424 3745; x_wconf 89' lang='lat' dir='ltr'><strong>praeter</strong></span> <span class='ocrx_word' id='word_1_176' title='bbox 443 3686 494 3743; x_wconf 96' lang='grc'><strong>66,</strong></span> <span class='ocrx_word' id='word_1_177' title='bbox 515 3685 593 3747; x_wconf 85' lang='grc'><strong>(1666</strong></span> <span class='ocrx_word' id='word_1_178' title='bbox 619 3685 715 3742; x_wconf 91' lang='lat' dir='ltr'><strong>nuper</strong></span> <span class='ocrx_word' id='word_1_179' title='bbox 738 3665 860 3756; x_wconf 80' lang='lat' dir='ltr'><strong>seripsi3</strong></span> <span class='ocrx_word' id='word_1_180' title='bbox 883 3666 1026 3728; x_wconf 80' lang='lat' dir='ltr'><strong>dicuutur</strong></span> <span class='ocrx_word' id='word_1_181' title='bbox 1050 3667 1167 3748; x_wconf 79' lang='lat' dir='ltr'><strong>aliquot</strong></span> <span class='ocrx_word' id='word_1_182' title='bbox 1190 3666 1319 3745; x_wconf 80' lang='lat' dir='ltr'><strong>Hispani</strong></span> <span class='ocrx_word' id='word_1_183' title='bbox 1340 3669 1428 3749; x_wconf 88' lang='lat' dir='ltr'><strong>equi-</strong></span> 
     </span>
     <span class='ocr_line' id='line_1_26' title="bbox 305 3771 1429 3859; baseline 0 -21"><span class='ocrx_word' id='word_1_184' title='bbox 305 3781 351 3839; x_wconf 88' lang='lat' dir='ltr'><strong>tes</strong></span> <span class='ocrx_word' id='word_1_185' title='bbox 372 3781 458 3859; x_wconf 84' lang='lat' dir='ltr'><strong>(quot</strong></span> <span class='ocrx_word' id='word_1_186' title='bbox 481 3777 604 3853; x_wconf 73' lang='lat' dir='ltr'><strong>neseio)[</strong></span> <span class='ocrx_word' id='word_1_187' title='bbox 634 3775 774 3852; x_wconf 79' lang='lat' dir='ltr'><strong>Trajeeto</strong></span> <span class='ocrx_word' id='word_1_188' title='bbox 799 3771 1051 3839; x_wconf 77' lang='lat' dir='ltr'><strong>descendissent</strong></span> <span class='ocrx_word' id='word_1_189' title='bbox 1075 3777 1107 3838; x_wconf 88' lang='grc'><strong>16</strong></span> <span class='ocrx_word' id='word_1_190' title='bbox 1129 3777 1283 3839; x_wconf 83' lang='lat' dir='ltr'><strong>Geldriam</strong></span> <span class='ocrx_word' id='word_1_191' title='bbox 1301 3778 1429 3839; x_wconf 89' lang='lat' dir='ltr'><strong>tendere</strong></span> 
     </span>
     <span class='ocr_line' id='line_1_27' title="bbox 305 3885 1427 3966; baseline -0.002 -18"><span class='ocrx_word' id='word_1_192' title='bbox 305 3888 358 3948; x_wconf 87' lang='lat' dir='ltr'><strong>sed</strong></span> <span class='ocrx_word' id='word_1_193' title='bbox 377 3891 408 3948; x_wconf 93' lang='grc'><strong>61</strong></span> <span class='ocrx_word' id='word_1_194' title='bbox 429 3890 516 3965; x_wconf 89' lang='lat' dir='ltr'><strong>ajunt</strong></span> <span class='ocrx_word' id='word_1_195' title='bbox 536 3887 666 3964; x_wconf 87' lang='lat' dir='ltr'><strong>pedites,</strong></span> <span class='ocrx_word' id='word_1_196' title='bbox 693 3887 729 3946; x_wconf 94' lang='lat' dir='ltr'><strong>de</strong></span> <span class='ocrx_word' id='word_1_197' title='bbox 750 3886 859 3966; x_wconf 89' lang='lat' dir='ltr'><strong>quibus</strong></span> <span class='ocrx_word' id='word_1_198' title='bbox 880 3905 986 3964; x_wconf 84' lang='lat' dir='ltr'><strong>snpra,</strong></span> <span class='ocrx_word' id='word_1_199' title='bbox 1005 3887 1070 3963; x_wconf 90' lang='lat' dir='ltr'><strong>jem</strong></span> <span class='ocrx_word' id='word_1_200' title='bbox 1090 3906 1183 3964; x_wconf 90' lang='lat' dir='ltr'><strong>prope</strong></span> <span class='ocrx_word' id='word_1_201' title='bbox 1207 3885 1427 3948; x_wconf 84' lang='lat' dir='ltr'><strong>Keiserswerdt</strong></span> 
     </span>
     <span class='ocr_line' id='line_1_28' title="bbox 304 3994 1425 4077; baseline -0.003 -20"><span class='ocrx_word' id='word_1_202' title='bbox 304 4015 386 4071; x_wconf 88' lang='lat' dir='ltr'><strong>esee,</strong></span> <span class='ocrx_word' id='word_1_203' title='bbox 420 3997 521 4077; x_wconf 88' lang='lat' dir='ltr'><strong>ibique</strong></span> <span class='ocrx_word' id='word_1_204' title='bbox 553 3995 691 4054; x_wconf 83' lang='lat' dir='ltr'><strong>Rhenum</strong></span> <span class='ocrx_word' id='word_1_205' title='bbox 724 3995 921 4071; x_wconf 85' lang='lat' dir='ltr'><strong>trajeeturos,</strong></span> <span class='ocrx_word' id='word_1_206' title='bbox 951 3996 1173 4076; x_wconf 79' lang='lat' dir='ltr'><strong>praedictisque</strong></span> <span class='ocrx_word' id='word_1_207' title='bbox 1205 3994 1425 4056; x_wconf 73' lang='lat' dir='ltr'><strong>auxiliantibus</strong></span> 
     </span>
     <span class='ocr_line' id='line_1_29' title="bbox 303 4104 1428 4184; baseline 0 -19"><span class='ocrx_word' id='word_1_208' title='bbox 303 4105 455 4184; x_wconf 87' lang='lat' dir='ltr'><strong>equitibus</strong></span> <span class='ocrx_word' id='word_1_209' title='bbox 475 4107 612 4165; x_wconf 88' lang='lat' dir='ltr'><strong>statuum</strong></span> <span class='ocrx_word' id='word_1_210' title='bbox 632 4107 733 4166; x_wconf 87' lang='lat' dir='ltr'><strong>eastra</strong></span> <span class='ocrx_word' id='word_1_211' title='bbox 754 4107 785 4165; x_wconf 91' lang='lat' dir='ltr'><strong>et</strong></span> <span class='ocrx_word' id='word_1_212' title='bbox 806 4105 990 4180; x_wconf 88' lang='lat' dir='ltr'><strong>obsidentes,</strong></span> <span class='ocrx_word' id='word_1_213' title='bbox 1012 4105 1176 4166; x_wconf 85' lang='lat' dir='ltr'><strong>Blienbeek</strong></span> <span class='ocrx_word' id='word_1_214' title='bbox 1198 4104 1309 4166; x_wconf 85' lang='lat' dir='ltr'><strong>milites</strong></span> <span class='ocrx_word' id='word_1_215' title='bbox 1326 4104 1428 4182; x_wconf 90' lang='lat' dir='ltr'><strong>iuopi-</strong></span> 
     </span>
     <span class='ocr_line' id='line_1_30' title="bbox 302 4213 1428 4295; baseline -0.002 -21"><span class='ocrx_word' id='word_1_216' title='bbox 302 4217 376 4274; x_wconf 87' lang='lat' dir='ltr'><strong>nato</strong></span> <span class='ocrx_word' id='word_1_217' title='bbox 406 4214 578 4288; x_wconf 83' lang='lat' dir='ltr'><strong>invasuros,</strong></span> <span class='ocrx_word' id='word_1_218' title='bbox 608 4218 639 4276; x_wconf 92' lang='lat' dir='ltr'><strong>et</strong></span> <span class='ocrx_word' id='word_1_219' title='bbox 668 4215 737 4276; x_wconf 90' lang='lat' dir='ltr'><strong>inde</strong></span> <span class='ocrx_word' id='word_1_220' title='bbox 765 4215 798 4275; x_wconf 92' lang='lat' dir='ltr'><strong>iu</strong></span> <span class='ocrx_word' id='word_1_221' title='bbox 824 4213 954 4275; x_wconf 80' lang='lat' dir='ltr'><strong>Frisium</strong></span> <span class='ocrx_word' id='word_1_222' title='bbox 976 4215 1180 4292; x_wconf 80' lang='lat' dir='ltr'><strong>profecturos,</strong></span> <span class='ocrx_word' id='word_1_223' title='bbox 1205 4214 1259 4295; x_wconf 92' lang='lat' dir='ltr'><strong>qni</strong></span> <span class='ocrx_word' id='word_1_224' title='bbox 1278 4232 1385 4276; x_wconf 90' lang='lat' dir='ltr'><strong>rumor</strong></span> <span class='ocrx_word' id='word_1_225' title='bbox 1408 4231 1428 4272; x_wconf 87' lang='lat' dir='ltr'><strong>a</strong></span> 
     </span>
     <span class='ocr_line' id='line_1_31' title="bbox 302 4323 974 4404; baseline 0.007 -23"><span class='ocrx_word' id='word_1_226' title='bbox 302 4323 480 4398; x_wconf 85' lang='lat' dir='ltr'><strong>quibusdem</strong></span> <span class='ocrx_word' id='word_1_227' title='bbox 502 4325 601 4386; x_wconf 84' lang='lat' dir='ltr'><strong>Juliee</strong></span> <span class='ocrx_word' id='word_1_228' title='bbox 622 4325 799 4388; x_wconf 87' lang='lat' dir='ltr'><strong>oonsiliariis</strong></span> <span class='ocrx_word' id='word_1_229' title='bbox 826 4326 974 4404; x_wconf 89' lang='lat' dir='ltr'><strong>provenit.</strong></span> 
     </span>
    </p>

    <p class='ocr_par' dir='ltr' id='par_1_9' title="bbox 341 4433 1425 4514">
     <span class='ocr_line' id='line_1_32' title="bbox 341 4433 1425 4514; baseline 0 -19"><span class='ocrx_word' id='word_1_230' title='bbox 341 4434 385 4495; x_wconf 90' lang='lat' dir='ltr'><strong>Ut</strong></span> <span class='ocrx_word' id='word_1_231' title='bbox 405 4434 493 4494; x_wconf 90' lang='lat' dir='ltr'><strong>fidem</strong></span> <span class='ocrx_word' id='word_1_232' title='bbox 517 4435 650 4512; x_wconf 86' lang='lat' dir='ltr'><strong>aliquam</strong></span> <span class='ocrx_word' id='word_1_233' title='bbox 672 4437 720 4496; x_wconf 87' lang='lat' dir='ltr'><strong>his</strong></span> <span class='ocrx_word' id='word_1_234' title='bbox 741 4435 827 4498; x_wconf 85' lang='lat' dir='ltr'><strong>novis</strong></span> <span class='ocrx_word' id='word_1_235' title='bbox 850 4435 977 4497; x_wconf 89' lang='lat' dir='ltr'><strong>habeam</strong></span> <span class='ocrx_word' id='word_1_236' title='bbox 1003 4435 1121 4498; x_wconf 82' lang='grc'><strong>1661661</strong></span> <span class='ocrx_word' id='word_1_237' title='bbox 1142 4454 1196 4514; x_wconf 92' lang='grc'><strong>66,</strong></span> <span class='ocrx_word' id='word_1_238' title='bbox 1217 4455 1294 4514; x_wconf 89' lang='lat' dir='ltr'><strong>quae</strong></span> <span class='ocrx_word' id='word_1_239' title='bbox 1310 4433 1425 4496; x_wconf 90' lang='lat' dir='ltr'><strong>nudius</strong></span> 
     </span>
    </p>
   </div>
   <div class='ocr_carea' id='block_1_9' title="bbox 314 4597 953 4765">
    <p class='ocr_par' dir='ltr' id='par_1_10' title="bbox 314 4597 953 4765">
     <span class='ocr_line' id='line_1_33' title="bbox 336 4597 865 4666; baseline 0.008 -16"><span class='ocrx_word' id='word_1_240' title='bbox 336 4603 360 4664; x_wconf 91' lang='lat' dir='ltr'><strong>l)</strong></span> <span class='ocrx_word' id='word_1_241' title='bbox 395 4597 576 4666; x_wconf 79' lang='lat' dir='ltr'><strong>Eigenhtndige</strong></span> <span class='ocrx_word' id='word_1_242' title='bbox 592 4601 725 4652; x_wconf 84' lang='lat' dir='ltr'><strong>Reudnotiz</strong></span> <span class='ocrx_word' id='word_1_243' title='bbox 741 4600 865 4656; x_wconf 85' lang='lat' dir='ltr'><strong>Albudas.</strong></span> 
     </span>
     <span class='ocr_line' id='line_1_34' title="bbox 314 4697 953 4765; baseline 0.013 -19"><span class='ocrx_word' id='word_1_244' title='bbox 314 4707 317 4712; x_wconf 86' lang='lat'>&#39;</span> <span class='ocrx_word' id='word_1_245' title='bbox 336 4697 361 4762; x_wconf 79' lang='lat'><strong>2)</strong></span> <span class='ocrx_word' id='word_1_246' title='bbox 396 4697 563 4762; x_wconf 77' lang='lat' dir='ltr'><strong>Figenhiindig</strong></span> <span class='ocrx_word' id='word_1_247' title='bbox 582 4698 698 4764; x_wconf 84' lang='lat' dir='ltr'><strong>korrigirt</strong></span> <span class='ocrx_word' id='word_1_248' title='bbox 718 4716 761 4752; x_wconf 86' lang='lat' dir='ltr'><strong>aus</strong></span> <span class='ocrx_word' id='word_1_249' title='bbox 777 4699 953 4765; x_wconf 83' lang='lat' dir='ltr'><strong>significentur.</strong></span> 
     </span>
    </p>
   </div>
   <div class='ocr_carea' id='block_1_10' title="bbox 0 0 1518 5348">
    <p class='ocr_par' dir='ltr' id='par_1_11' title="bbox 0 0 1518 5348">
     <span class='ocr_line' id='line_1_35' title="bbox 0 0 1518 5348; baseline 0 0"><span class='ocrx_word' id='word_1_250' title='bbox 0 0 1518 5348; x_wconf 95' lang='lat' dir='ltr'><strong> </strong></span> 
     </span>
    </p>
   </div>
  </div>
 </body>
</html>
