3028 5348
254 437 290 496 18
670 447 774 492 snmus
801 444 953 490 renarrem.

254 616 408 693 poterunt.
458 612 508 672 An
539 629 609 690 ergo
636 611 669 669 in
690 609 815 688 singulis
838 606 1028 680 civitatibus,
1051 614 1079 666 et
1099 607 1132 666 in
1155 625 1228 684 agro
1249 626 1368 684 quoquc

250 743 313 785 non
344 722 482 799 expediat
512 719 737 798 inquisitionem
769 717 855 776 ficri?
900 716 1013 776 Deinde
1036 716 1242 793 quotidianam
1263 716 1368 776 haberi

251 833 491 894 observationem
522 831 558 890 dc
590 829 642 902 iis,
675 828 727 905 qui
752 827 938 904 provinciam
962 829 1113 902 nostram,
1145 827 1211 885 tum
1233 825 1368 903 singulas

249 942 388 1002 civitates
421 941 469 1002 vel
497 939 708 1017 ingrediuntur
743 938 791 998 vel
822 936 1033 1016 egrediuntur,
1064 938 1182 997 vostrae
1216 954 1304 995 curae
1336 937 1368 996 et

249 1050 318 1111 fidei
338 1050 504 1112 committo.
546 1047 596 1107 Sic
619 1047 711 1107 etiam
733 1046 806 1106 satis
827 1046 953 1120 seimus,
975 1045 1030 1105 sub
1049 1045 1195 1106 velamine
1210 1043 1368 1104 mercatio-

248 1160 296 1220 nis
323 1159 427 1236 butyri
457 1175 581 1236 magnas
614 1174 745 1216 summas
776 1155 918 1232 pecuniae
949 1155 1007 1214 huo
1036 1154 1074 1213 ad
1095 1152 1231 1213 inimicos
1248 1155 1368 1214 nostros

249 1270 415 1348 pervenire.
467 1267 546 1327 Huic
569 1266 612 1324 rci
635 1284 752 1342 quoque
777 1263 943 1324 moderatio
966 1265 996 1323 ct
1021 1262 1152 1340 provisio
1177 1261 1366 1322 adhibeatur.

250 1378 345 1438 Venio
368 1378 406 1437 ad
427 1375 597 1437 secundum.
639 1373 894 1435 Considerandum
906 1373 991 1433 vobis
1006 1372 1139 1450 significo
1152 1391 1265 1431 numne
1280 1391 1366 1448 pror-

250 1506 301 1547 sus
321 1484 520 1546 neceesarium
546 1484 600 1556 sit,
628 1485 664 1542 ut
694 1484 750 1542 hae
778 1503 825 1542 res
852 1483 884 1540 in
905 1500 1093 1542 communem
1117 1481 1291 1555 civitatum,
1312 1499 1367 1540 no·

250 1596 356 1655 bilium
386 1597 417 1656 et
447 1595 575 1655 aliorum
608 1595 743 1652 statuum
772 1591 890 1669 patriae
921 1593 1042 1652 nostrae
1070 1591 1212 1651 notitiam
1232 1591 1368 1652 veniant.

252 1706 390 1767 Gravant
420 1725 500 1766 nunc
531 1724 561 1765 se
584 1722 639 1781 pro
662 1704 769 1781 exigua
789 1702 1028 1775 contributione,
1050 1705 1206 1762 tumuere
1227 1721 1294 1762 cum
1316 1720 1369 1778 op·

251 1817 400 1893 pressione
411 1815 559 1888 veritatis,
571 1835 640 1875 cum
651 1813 835 1874 intolerabili
846 1813 1000 1886 servitute,
1011 1833 1078 1874 eum
1090 1814 1292 1875 internecione
1303 1831 1367 1871 ma-

246 1925 324 2001 joris
344 1925 439 2002 partis
452 1924 598 1984 bonorum
613 1924 763 1998 virorum,
785 1941 853 1982 cum
874 1922 969 1982 tantis
984 1923 1223 1998 calamitatibus,
1238 1926 1368 1999 quantas

249 2054 337 2096 nemo
348 2035 479 2114 cogitare
491 2027 612 2110 poterit,
624 2033 866 2110 depredationem
878 2051 978 2091 rerum
990 2049 1110 2091 suarum
1122 2051 1140 2091 a
1150 2032 1246 2091 milite
1256 2031 1367 2108 Hispa-

250 2164 289 2206 no
300 2144 389 2205 inviti
400 2144 496 2204 ferent
508 2146 539 2204 et
549 2142 666 2202 dabunt
678 2142 820 2219 quicquid
828 2140 984 2217 jusserint.
1006 2141 1085 2200 Nam
1096 2143 1211 2200 certum
1223 2143 1270 2200 est
1280 2159 1366 2216 prac-

249 2257 296 2315 ter
307 2254 407 2313 decem
417 2253 471 2312 illa
483 2251 600 2327 vexilla,
613 2250 720 2327 quibus
733 2253 895 2327 praeerunt
905 2249 994 2310 Frisii
1008 2251 1104 2311 nostri
1114 2269 1175 2310 una
1186 2270 1254 2310 oum
1264 2250 1367 2311 Fordi-

250 2363 349 2423 nando
360 2362 469 2439 Lopez,
478 2360 567 2420 ducet
577 2360 660 2436 Billy
671 2359 787 2436 aliquot
798 2359 934 2418 cohortos
945 2358 1079 2433 equitum
1091 2358 1253 2431 Italorum,
1266 2361 1297 2418 et
1306 2359 1368 2419 tria

253 2472 349 2532 millia
358 2470 574 2546 Hispanorum.
595 2469 702 2530 Potest
714 2467 860 2528 Dominus
870 2467 951 2527 Deus
962 2467 1368 2543 invertere‚impedireetiam

251 2581 376 2643 consilia
408 2582 439 2640 ct
468 2578 624 2638 molimina
647 2597 762 2652 rerum,
785 2577 836 2638 eod
859 2578 989 2638 humano
1010 2596 1107 2651 more,
1129 2577 1187 2636 nisi
1208 2578 1366 2638 concordes
1450 2625 1456 2634 .

251 2709 314 2750 esse
339 2690 458 2764 velitis,
494 2689 558 2749 fieri
582 2687 644 2748 iren
669 2690 785 2764 potest,
819 2691 855 2748 ut
881 2707 942 2748 non
965 2690 997 2748 in
1017 2688 1180 2748 maximum
1202 2688 1366 2764 periculum

253 2798 404 2858 incidatis.
445 2797 476 2856 si
501 2798 554 2874 qui
574 2799 676 2857 tamen
696 2797 772 2869 sint,
794 2815 862 2857 cum
887 2796 995 2873 quibus
1016 2797 1048 2855 in
1069 2797 1256 2857 concordiam
1271 2797 1367 2857 redire

249 2926 310 2967 non
331 2906 484 2984 poteritis,
505 2924 622 2966 necesse
647 2905 721 2979 orit,
743 2909 780 2966 ut
800 2906 838 2965 ab
859 2905 896 2965 iis
917 2905 1003 2966 vobis
1024 2905 1156 2966 caveatis
1177 2909 1209 2966 et
1229 2906 1366 2978 maxime,

251 3035 325 3093 quos
357 3015 439 3076 scitis
469 3033 530 3075 non
557 3014 625 3108 nisi¹
645 3014 713 3076 ficte
745 3034 865 3084 causam
889 3018 1020 3076 vestram
1042 3015 1217 3093 approbare.
1257 3015 1365 3076 Meliu‘s

249 3129 311 3200 est,
342 3127 378 3186 ut
402 3126 441 3185 ad
472 3128 591 3203 tempus
610 3143 713 3185 eorum
736 3125 921 3201 praesentia,
943 3144 1018 3201 quos
1035 3127 1121 3202 justa
1141 3125 1258 3185 ratione
1278 3125 1365 3185 timc-

249 3235 290 3296 tis
314 3236 360 3312 1),
392 3235 534 3309 careatis,
566 3254 656 3311 quam
687 3235 724 3294 ut
755 3234 833 3294 forto
846 3237 875 3311 2)
897 3237 1069 3311 praesentes
1095 3233 1233 3294 hostibus
1257 3234 1365 3294 vestris

248 3346 329 3410 viam
357 3347 546 3423 praeparent.
588 3345 657 3404 Non
680 3345 774 3422 igitur
794 3364 876 3405 nunc
897 3344 932 3404 de
953 3344 1110 3422 religione,
1132 3363 1193 3404 non
1214 3344 1250 3404 de
1262 3345 1365 3404 officiis

249 3459 304 3516 aut
334 3455 584 3532 praeeminentia,
612 3473 675 3515 non
699 3454 735 3515 de
756 3455 846 3530 hujus
865 3457 920 3514 aut
938 3455 1020 3514 illius
1044 3473 1186 3531 personae
1210 3457 1364 3531 respectu,

251 3566 301 3627 eed
322 3566 423 3644 agliur
444 3565 480 3625 de
505 3565 655 3627 communi
676 3565 773 3623 salute
799 3564 931 3640 patriae,
959 3564 995 3624 dc
1016 3563 1081 3624 vita
1107 3566 1138 3624 et
1159 3566 1245 3626 bonis
1266 3565 1365 3642 cujus·

249 3696 321 3754 que,
353 3676 390 3734 de
419 3676 531 3736 honore
562 3676 738 3734 nostrarum
769 3692 896 3732 uxorum
928 3675 958 3734 ot
988 3674 1137 3749 filiarum,
1169 3675 1296 3756 denique
1328 3675 1365 3737 de

249 3787 393 3862 perpetus
420 3786 561 3846 libertate
592 3784 640 3845 vel
671 3783 816 3845 servitute
847 3786 960 3844 nostra.
1011 3783 1093 3845 Haec
1125 3785 1253 3846 sorsin
1284 3805 1363 3847 oom-

208 3885 210 3890 ’
248 3895 333 3955 muni
363 3914 417 3955 nos
449 3914 552 3955 omnes
578 3896 690 3954 manet.
734 3873 932 3964 Qbamobrem
963 3898 1111 3971 quantum
1131 3897 1292 3956 metuenda
1312 3914 1364 3957 vo·

250 4005 295 4064 bis
317 3987 358 4065 eit
374 4004 497 4094 ¹interna
517 4003 683 4078 discordia,
704 4022 792 4063 nemo
815 4007 860 4064 cst
881 4004 932 4080 qui
953 4023 1013 4065 non
1035 4005 1204 4082 perspiciat.
1254 4003 1278 4066 O
1301 4025 1363 4066 soe·

248 4113 345 4185 lerata
365 4113 456 4173 corda
475 4114 648 4172 nostrorum
673 4111 882 4188 popularium,
903 4114 955 4189 qni
976 4113 1022 4173 sui
1042 4113 1163 4174 honoris
1176 4117 1207 4175 et
1218 4114 1365 4175 commodi

248 4224 347 4304 gratia
377 4222 410 4281 in
439 4221 577 4298 propriae
608 4221 725 4297 patriae
756 4223 914 4298 pernitiem
928 4223 963 4299 8)
998 4223 1188 4284 introducere
1212 4224 1364 4300 Hispanos

283 4405 309 4466 l)
346 4401 523 4467 Quos-timetis
539 4402 573 4451 ist
591 4403 777 4467 eigenhsndigcr
796 4405 890 4454 Zusetz.

283 4499 308 4560 2)
343 4497 415 4546 Forte
432 4496 597 4564 eigcnhindig.

283 4594 309 4655 3)
345 4591 520 4657 sigemundig.
