3028 5348
241 470 279 531 20
657 483 790 529 acernus
815 484 943 530 suarna

240 652 305 710 trae
329 648 475 710 interesse
494 647 631 724 putarit,
652 665 713 708 non
734 647 821 724 potui
844 665 906 708 non
926 667 981 724 pro
1001 650 1097 712 veteri
1119 669 1278 729 argaeum
1299 654 1356 714 ob-

240 759 394 822 servantia
424 761 455 818 et
486 758 586 819 studio
617 761 684 818 tum
705 759 769 834 ejus
790 761 857 818 tum
887 759 1067 836 reipublicae
1088 762 1115 822 si
1137 762 1193 824 hac
1212 763 1245 823 in
1265 767 1355 841 parte

239 888 354 929 morem
374 887 486 948 gerere.
527 868 610 945 Rogo
631 867 756 927 iuterim
776 870 813 927 ut
832 869 995 945 prudentia
1017 871 1113 930 utaris
1135 872 1168 931 in
1188 875 1355 934 communi-

239 979 356 1040 catione
378 978 468 1055 hujus
489 977 631 1055 epistolae
653 980 683 1037 ct
704 977 828 1037 seorsim
850 996 916 1037 eam
940 980 1138 1041 communices
1152 1001 1220 1042 oum
1234 984 1355 1044 domnis

238 1086 490 1165 Sterclrenburgio
522 1088 554 1145 et
573 1085 748 1145 Franckena
769 1089 890 1161 nostro,
916 1089 969 1165 qui
990 1089 1185 1168 gubernatori
1207 1095 1311 1154 nostro
1333 1113 1355 1154 a

239 1197 370 1258 consiliis
392 1199 476 1267 sunt,
499 1213 572 1272 quos
590 1213 656 1254 meo
672 1194 787 1271 judicio
811 1214 872 1255 non
892 1197 969 1256 maio
989 1197 1110 1273 feceris,
1138 1199 1163 1259 si
1183 1218 1355 1262 commone-

238 1308 280 1367 ris
302 1325 367 1378 eos,
400 1309 436 1365 ut
455 1305 528 1365 data
551 1303 704 1364 occasione
726 1305 817 1364 scmcl
837 1307 992 1367 tentarent
1011 1306 1257 1383 gubernatorem,
1279 1311 1355 1388 quid

238 1417 296 1478 iate
319 1415 376 1474 hac
396 1413 428 1473 in
448 1414 534 1488 parte
554 1411 631 1473 farre
655 1412 759 1489 possit.
800 1413 881 1475 Bene
901 1415 979 1476 vala.

278 1523 475 1596 Leovcrdiae,
498 1522 536 1582 16
557 1519 729 1582 Decembris
751 1522 838 1582 1579.

1009 1632 1091 1693 Tuus
1114 1653 1150 1692 cr
1170 1635 1269 1696 animo

940 1741 1085 1802 Anulus
1105 1741 1310 1806 ISBRANDI.

614 2329 838 2448 Ac‘nqmrcros
857 2372 976 2432 dissice.

974 2481 1069 2556 K'o'ln,
1091 2484 1109 2543 6
1131 2485 1202 2545 Dec.
1225 2485 1334 2568 1579.δ

279 2751 395 2812 Nunnio
426 2747 558 2810 Jchanni
589 2747 700 2807 iterum
731 2745 857 2806 insidiae
887 2747 1050 2808 collocatae
1081 2751 1182 2824 crant,
1204 2749 1255 2809 scd
1274 2749 1356 2810 forte

238 2864 360 2924 fortuna
384 2879 437 2938 por
458 2879 525 2918 snm
546 2859 661 2930 locum,
690 2874 751 2932 quo
774 2856 1001 2934 expectabatur,
1030 2857 1066 2916 de
1093 2860 1181 2918 nocta
1203 2858 1262 2918 iter
1279 2857 1354 2919 fecit

239 2975 329 3050 atque
349 2971 394 3031 ita
414 2970 517 3030 literae
541 2970 659 3030 restrae
685 2966 785 3027 salvae
808 2965 845 3025 ad
860 2985 907 3026 me
923 2975 941 3025 2
956 2965 1129 3027 Decembris
1141 2970 1354 3043 pervenerunt.

239 3083 361 3145 Gaudeo
391 3081 423 3140 in
454 3078 602 3156 prioribus
635 3076 732 3137 literis
764 3077 874 3136 vestris
904 3076 980 3135 nihil
1011 3076 1114 3152 fnisse,
1137 3077 1217 3154 quod
1237 3077 1355 3154 patriae

237 3196 359 3254 nostrae
383 3208 489 3251 nocere
514 3187 622 3265 potuit.
676 3186 761 3257 Quod
781 3206 828 3245 mc
852 3186 1005 3246 concernit
1025 3187 1097 3247 licet
1119 3189 1194 3247 mihi
1216 3187 1356 3250 videatur

238 3302 376 3379 exiguum
410 3318 486 3371 csse,
518 3299 620 3356 tamen
646 3295 727 3355 tanti
760 3293 809 3354 hio
840 3294 1033 3355 aestimatum
1053 3295 1129 3369 fuit,
1150 3299 1187 3356 ut
1207 3299 1284 3358 rarii
1304 3316 1354 3357 mo

238 3409 464 3482 admonuerint,
496 3426 555 3485 quo
587 3407 625 3465 ab
656 3405 772 3465 insidiis
804 3423 906 3464 eorum
937 3424 1074 3466 carerem
1105 3406 1194 3466 mihi:
1222 3409 1274 3466 sed
1296 3406 1356 3468 Doi

238 3519 339 3601 gratia
368 3537 429 3578 non
459 3520 523 3577 tam
554 3515 643 3574 facile
675 3513 766 3574 minis
785 3513 940 3573 hominum
961 3514 1106 3591 percellor
1130 3533 1165 3575 ac
1186 3515 1353 3590 deterreor,

239 3650 307 3691 oum
337 3627 378 3700 is,
410 3627 443 3686 in
468 3625 552 3702 cujus
575 3642 682 3683 manus
704 3642 751 3683 mc
776 3623 925 3695 commisi,
960 3623 1033 3683 satis
1057 3630 1162 3700 potens
1185 3624 1225 3684 sit
1246 3625 1283 3684 ad
1304 3646 1354 3686 ms

238 3737 466 3817 protegendum.
507 3733 639 3796 conatus
660 3736 834 3793 nostrorum
857 3733 1011 3794 hominum
1025 3752 1087 3793 non
1101 3734 1228 3810 amplius
1242 3735 1355 3796 occulti

239 3852 323 3922 sunt,
356 3846 408 3907 sed
438 3844 472 3906 in
503 3844 634 3904 omnium
660 3863 711 3904 ore
735 3845 766 3902 et
779 3842 894 3903 oculis.
937 3841 1076 3903 Deiectus
1096 3844 1266 3920 propositus
1287 3848 1354 3904 erat

238 3961 271 4020 in
291 3958 399 4031 Esscn,
423 3955 474 4015 ssd
494 3953 562 4014 inde
585 3954 700 4031 expulsi
728 3957 814 4026 sunt,
837 3956 867 4013 et
886 3971 966 4013 nunc
988 3953 1139 4029 praesenti
1160 3954 1207 4013 dic
1230 3955 1263 4013 in
1278 3953 1354 4014 Ker-

238 4088 297 4146 pcn
326 4067 436 4146 agitur.
486 4065 524 4124 In
555 4065 721 4144 regimento
743 4066 811 4140 iilo,
832 4064 868 4124 dc
889 4084 948 4142 quo
972 4065 1104 4140 proximo
1125 4065 1229 4141 scripsi
1251 4064 1353 4141 robis,

239 4197 275 4238 ex
296 4175 408 4237 nostris
428 4174 534 4234 Frisiis
554 4175 698 4254 praefecti
718 4174 863 4233 militares
885 4172 1080 4250 (Hopluiden)
1102 4172 1134 4232 hi
1153 4176 1284 4250 quatuor
1296 4193 1353 4251 pro

239 4291 320 4349 certo
358 4288 443 4345 sunt:
475 4285 570 4358 ‚laticis
603 4283 742 4354 Dekcma,
772 4282 835 4357 ojus
866 4280 990 4359 signifer
1020 4280 1143 4342 Jarihus
1174 4283 1352 4356 Liaukema3

240 4398 358 4458 aanor
388 4394 529 4464 Dekema,·
561 4392 638 4450 Trica
668 4391 836 4466 Kamucinpa
867 4391 898 4448 ct
927 4389 1034 4449 Lollius
1068 4391 1192 4450 Oekcma.
1241 4391 1297 4452 Est
1320 4395 1353 4452 et

241 4506 363 4584 quidam
397 4506 473 4577 Eas,
506 4505 638 4563 caeteros
669 4520 730 4560 non
760 4500 840 4561 novi.
882 4499 948 4559 Hoc
968 4519 1055 4560 mane
1076 4501 1149 4560 meis
1171 4501 1264 4562 oculis
1287 4501 1352 4562 ridi

240 4615 300 4676 tria
332 4613 441 4675 vexilla
465 4595 598 4688 ipsornm
620 4608 817 4686 dependentia
836 4628 890 4686 per
909 4609 1071 4671 fenestram
1092 4610 1231 4688 sartoris,
1253 4610 1351 4671 colore
