3020 5360
535 553 693 596 1111111111
714 553 845 596 amnne.
1191 532 1249 597 111

112 727 242 778 ,norum
274 735 342 794 spes
374 717 429 775 est.
470 714 529 774 Hic
559 715 667 792 incipit
686 714 898 793 gravissimum
920 715 1035 774 bellum
1058 735 1095 774 ex
1119 734 1178 792 qno
1202 734 1250 776 me

130 827 295 887 subducere
317 825 429 896 statui,
452 825 503 884 sed
524 824 633 883 haereo
655 825 752 883 adhue
774 843 813 882 an
829 823 1003 896 ascendere,
1019 843 1058 882 an
1072 824 1250 884 descendere

131 936 270 1008 debeam,
292 933 328 992 de
352 951 412 1010 quo
434 932 526 992 etiam
547 933 678 992 libenter
699 935 785 992 tuem
805 933 987 991 sententiam
1008 932 1138 990 audiam.
1167 931 1252 991 Obiit

131 1063 241 1123 magno
265 1061 331 1102 mec
354 1043 455 1102 dolore
476 1062 578 1103 mense
598 1041 763 1118 praeterito
785 1040 937 1101 Johannes
954 1060 1038 1100 meus
1054 1041 1100 1119 1),
1114 1040 1151 1099 de
1165 1040 1252 1115 cnjus

130 1153 235 1213 morbo
257 1155 288 1212 et
308 1157 404 1212 morte
419 1151 494 1210 alias
508 1151 611 1210 latius.
639 1149 796 1228 aggaeum
808 1151 839 1227 2)
855 1150 894 1207 ad
909 1148 1101 1208 Academiam
1117 1149 1251 1224 aliquam

130 1262 164 1321 in
191 1262 334 1321 nundinis
358 1261 503 1336 proximis
531 1260 671 1338 ablegare
702 1259 821 1318 animus
853 1262 915 1330 est,
936 1259 981 1318 ita
1008 1261 1044 1317 ut
1066 1277 1147 1317 nunc
1168 1275 1254 1333 pror-

130 1389 184 1430 sus
216 1369 272 1429 sim
302 1369 464 1429 solitarius.
516 1368 666 1441 Hortata,
699 1387 827 1444 quaese,
859 1367 1021 1427 Feikonem
1041 1371 1194 1441 nostrum,
1214 1385 1252 1425 11

131 1479 261 1540 desistat
287 1479 505 1538 immissionem
528 1497 634 1555 urgere
662 1478 714 1537 ubi
746 1477 965 1554 praescriptum
989 1479 1109 1553 tempus
1132 1477 1252 1552 lapsum

130 1587 234 1647 fuerit.
275 1587 355 1647 Bene
376 1589 443 1647 vale
466 1588 512 1647 vir
533 1587 753 1659 amantissime,
776 1587 864 1646 uxori
885 1589 916 1646 et
936 1586 1038 1645 liberis
1058 1603 1145 1651 omne
1166 1603 1184 1642 a
1204 1603 1252 1642 me

131 1698 272 1757 salutem.
324 1697 478 1776 Cognatas
499 1716 582 1756 meus
606 1697 658 1773 qui
677 1715 758 1756 nunc
770 1696 899 1772 supplet
924 1695 1019 1754 vicem
1039 1694 1146 1753 famuli
1169 1691 1251 1770 apud

130 1825 182 1864 me
201 1806 235 1865 in
258 1805 388 1866 Galliam
413 1809 482 1883 post
501 1807 620 1880 tempus
642 1805 765 1880 aliquod
785 1804 923 1864 abiturus
944 1807 1005 1878 est,
1026 1805 1131 1878 postea
1143 1802 1252 1862 vellem

131 1915 210 1973 mihi
240 1916 276 1974 de
307 1915 356 1992 pio
386 1915 488 1992 aliquo
512 1914 643 1990 juvene,
664 1913 717 1990 qai
738 1913 818 1972 bene
833 1913 935 1973 italice
954 1912 1060 1971 scribit
1080 1910 1253 1988 provisum,

131 2023 162 2082 si
194 2042 283 2098 quem
315 2023 409 2083 talem
440 2023 522 2082 nosti
552 2041 627 2100 rogo
658 2023 694 2081 de
726 2041 761 2082 eo
781 2021 914 2082 indicare
934 2021 1009 2079 mihi
1027 2039 1088 2080 non
1107 2019 1251 2098 graveris.

126 2133 250 2192 aarum
278 2133 346 2193 aa
379 2133 413 2191 a
443 2150 477 2192 00
512 2132 565 2208 qui
595 2151 651 2192 nos
682 2132 788 2192 11111
821 2130 942 2191 carasco
975 2129 1105 2206 Domino
1134 2107 1249 2189 11111

128 2243 249 2318 nostro.
1300 2230 1303 2236 ’

176 2348 317 2411 Coloniae
337 2351 465 2428 raptim,
487 2351 525 2410 16
546 2351 633 2411 Febr.
655 2351 744 2412 1583.

909 2460 992 2518 Tuus
1014 2477 1050 2516 ex
1070 2456 1171 2516 animo

994 2566 1032 2627 A.
1054 2566 1094 2626 A.

593 2850 795 2864 m

544 3111 701 3157 1111111111
722 3111 854 3155 somme.

834 3272 931 3346 Κὸ11,
953 3273 991 3332 20
1012 3272 1101 3334 Febr.
1123 3275 1213 3334 1583.

177 3452 321 3513 Salutem.
362 3451 464 3513 Habes
486 3455 535 3513 hic
556 3471 659 3513 omnes
684 3471 765 3513 meas
790 3452 948 3529 epistolas,
970 3470 1045 3529 quas
1069 3453 1107 3512 ab
1128 3455 1254 3512 111111-

132 3580 207 3639 pore
231 3582 290 3638 quo
314 3561 428 3624 tectum
448 3562 524 3621 illud
545 3562 764 3638 Antvcrpiense
795 3561 923 3640 cognovi
943 3562 981 3620 ad
1002 3561 1113 3622 amicos
1137 3560 1252 3636 scripsi.
1341 3625 1344 3630 ¹

132 3670 181 3729 Ex
202 3669 310 3746 quibus
331 3671 515 3730 sententiam
534 3690 633 3730 meam
652 3670 741 3730 facile
762 3671 917 3748 percipies.
958 3671 1090 3747 Mptatio
1108 3671 1174 3746 jam
1185 3689 1253 3732 nu·-

132 3798 185 3839 sus
215 3779 297 3838 facta
320 3780 382 3850 est,
417 3781 463 3838 eet
483 3798 502 3838 a
522 3779 662 3839 Flandris
683 3781 798 3840 frustra
818 3780 1053 3854 reclamantibus
1075 3779 1255 3840 (landaven-

133 3887 218 3947 sibns
245 3890 276 3947 et
295 3906 315 3946 a
334 3886 497 3947 Brabantis
527 3893 666 3965 receptus
681 3889 722 3965 3).
773 3889 819 3948 De
843 3889 1023 3967 quibusdam
1051 3895 1256 3952 convenerunt

134 4015 190 4073 per
209 3995 426 4073 provisionem,
447 3996 598 4056 Bruxellie
623 4002 742 4059 caetera
762 3998 974 4074 perficientur,
995 4017 1057 4057 1111
1077 3999 1171 4059 etiam
1184 4018 1255 4058 cum

134 4105 202 4166 aliis
224 4105 398 4182 provinciis.
438 4107 503 4184 Ego
525 4107 602 4166 nihil
620 4110 686 4168 tam
700 4109 920 4183 desiderarem,
935 4127 1025 4185 quam
1040 4109 1157 4168 extrahi
1169 4129 1255 4187 posse

135 4214 193 4274 hoc
223 4215 381 4292 negocium
411 4216 543 4288 tamdiu,
575 4217 669 4277 donec
700 4221 903 4294 protestantes
933 4219 1082 4295 principes
1110 4218 1143 4277 in
1164 4218 1256 4278 armis

135 4321 185 4382 hic
214 4324 369 4398 adessent,
400 4325 481 4401 quod
501 4324 740 4387 brevi‘arbitror
764 4327 903 4388 futurum
926 4347 999 4389 esse.
1040 4328 1120 4387 Nam
1141 4329 1256 4388 statue-

172 4489 200 4554 1)
236 4485 274 4536 Ab
290 4486 395 4538 Heideu.

173 4583 199 4647 2)
233 4584 284 4633 Das
299 4583 400 4633 istacin
418 4583 520 4635 ilteetcr
536 4585 609 4636 Solm.

74 4679 83 4696 ⁸
174 4677 200 4741 8)
234 4678 348 4729 Namlich
362 4677 517 4731 Alsuconiue.
