3020 5360
292 543 350 606 102
709 553 844 598 seorsus
863 553 992 598 acarna.

295 720 440 791 caveant,
460 717 686 795 praefectosque
709 733 784 793 quos
804 715 831 776 si
851 717 941 775 amnt
960 712 1062 774 fideles
1088 730 1152 773 esse
1182 713 1356 790 praesertim
1375 715 1408 775 in

293 827 426 888 Doccum
456 828 490 886 et
519 825 553 887 in
582 823 687 885 Kuner
715 823 841 885 foveant
870 825 902 883 et
933 820 1045 900 ubique
1065 820 1254 900 disciplinam
1275 822 1406 901 aliquam

153 985 164 994 .
292 936 455 998 militarem
475 934 641 997 instituant
661 933 693 994 et
712 931 873 994 observare
892 931 1016 993 ruunt.

332 1043 414 1105 Bene
434 1041 533 1105 valete
554 1039 661 1119 optimi
681 1041 713 1102 et
732 1039 930 1101 amantissimi
950 1039 1019 1104 riri.

333 1151 488 1225 Coloniae,
510 1150 549 1213 16
569 1150 657 1212 Febr.
677 1167 724 1212 ao.
747 1149 837 1210 1582.

292 1756 341 1820 58.
588 1771 631 1815 ru
650 1769 814 1815 rnrrsunrr
832 1768 895 1815 vsa
914 1768 976 1814 nnn
995 1753 1108 1814 mnu.

990 1960 1084 2038 Koln,
1107 1961 1145 2022 25
1169 1959 1257 2023 Febr.
1279 1960 1368 2023 1582.

330 2141 475 2205 Salutem.
528 2139 597 2202 lion
628 2139 757 2218 amplius
788 2157 868 2201 nunc
894 2138 1110 2202 consultationi
1133 2140 1217 2201 locus
1238 2141 1302 2217 est,
1323 2139 1406 2218 quis,

293 2253 345 2315 sed
375 2255 413 2314 ut
441 2252 486 2328 is,
515 2249 568 2331 qni
589 2250 702 2311 electus
724 2251 771 2311 est
794 2250 832 2310 ad
855 2251 994 2311 nostrum
1016 2249 1129 2310 bonum
1150 2249 1288 2326 imperet.
1329 2249 1407 2322 Quid

291 2382 339 2423 ma
368 2360 498 2423 move1it
526 2360 559 2420 in
579 2377 708 2436 persona
727 2357 836 2437 ipsius,
859 2358 1018 2437 aliquoties
1039 2358 1078 2420 ad
1102 2360 1134 2419 ta
1158 2375 1284 2436 syncera
1305 2357 1406 2420 animo

288 2470 465 2550 perscripsi,
508 2488 543 2530 ex
585 2468 696 2546 quibus
727 2468 875 2545 quaedam
904 2469 1025 2554 sublata
1056 2470 1143 2545 sunt,
1174 2469 1322 2547 quaedam
1352 2467 1406 2529 ad·

288 2581 347 2642 huc
383 2581 516 2641 manent.
566 2578 762 2640 Potissimum
789 2578 822 2638 in
857 2597 917 2656 quo
950 2598 998 2640 me
1022 2579 1174 2652 consolor,
1195 2578 1251 2639 hoc
1271 2579 1334 2652 est,
1367 2579 1403 2638 nt

288 2708 466 2770 persuasum
484 2686 612 2749 habeam
633 2689 752 2749 mutam
772 2707 836 2749 rem
857 2688 922 2750 sine
942 2662 1100 2750 volantate
1120 2687 1177 2749 Dei
1196 2688 1245 2756 vel
1259 2685 1406 2766 singulari

154 2855 158 2864 ’
288 2798 484 2880 permissime
514 2798 579 2875 ⁰j¹¹⁵
609 2797 675 2858 5⁰15
700 2816 763 2859 ¹¹⁰³
793 2797 936 2875 Potuisse.
984 2796 1101 2860 Serviat
1121 2815 1192 2876 ergo
1212 2797 1268 2859 hoc
1288 2795 1405 2859 factum

288 2910 407 2990 aliquo,
426 2927 482 2971 neo
502 2907 627 2969 dubium
648 2908 722 2988 quin
743 2909 782 2969 ad
802 2927 946 2988 magnum
968 2907 1129 2986 quiddam,
1150 2907 1232 2986 qnod
1251 2906 1406 2986 patienter

286 3038 349 3081 nna
375 3040 444 3081 cum
473 3020 541 3080 aliis
567 3019 641 3082 viris
668 3019 755 3080 bonis
779 3019 958 3096 expectab03
979 3018 1097 3080 utinam
1121 3018 1235 3080 talibus
1254 3017 1352 3096 pactis
1374 3020 1406 3079 et

287 3129 508 3193 conditionibus
540 3129 782 3209 constringatur,
813 3148 851 3190 ne
879 3128 951 3206 quid
972 3129 1005 3189 in
1026 3127 1246 3207 praejudicium
1266 3130 1404 3188 mutatae

286 3240 441 3320 religionis
473 3240 660 3302 committere
691 3239 798 3317 possit.
838 3238 1011 3299 Admodum
1025 3238 1112 3300 enim
1132 3238 1241 3312 timao,
1261 3256 1300 3299 ne
1324 3237 1403 3316 qnod

285 3348 334 3426 pie
360 3349 524 3409 secundum
553 3348 650 3426 legem
674 3347 731 3408 Dei
752 3348 940 3409 destructum
960 3350 1023 3422 eet,
1043 3348 1155 3410 iterum
1165 3347 1351 3428 :aedificetur
1371 3348 1404 3408 et

286 3457 319 3517 in
341 3462 495 3534 posterum
515 3455 728 3536 prohibeatur,
749 3475 787 3518 no
808 3457 881 3536 quid
902 3457 998 3520 simile
1019 3457 1087 3519 aliis
1107 3458 1140 3518 in
1159 3457 1234 3518 locis
1254 3457 1319 3518 fieri
1332 3474 1402 3534 pos-

179 3595 182 3604 ,
287 3565 337 3626 eit.
388 3564 453 3637 Quo
487 3564 569 3626 facto
599 3565 686 3644 virga
719 3565 777 3626 Dei
809 3566 865 3660 αἰχ
878 3566 1011 3628 humeris
1042 3568 1154 3629 nostris
1184 3585 1246 3628 uon
1266 3567 1402 3628 tolletur.

286 3672 412 3735 Utinam
442 3674 534 3736 etiam
564 3673 670 3735 statim
700 3675 756 3737 sub
786 3675 874 3738 initio
904 3675 1060 3754 regiminis
1090 3676 1185 3754 ipsius
1205 3677 1264 3739 viri
1284 3676 1402 3754 aliquot

285 3800 393 3862 graves
416 3785 448 3844 et
468 3782 630 3861 prudentes
653 3784 900 3858 committantur,
921 3785 1027 3862 quiin
1048 3785 1146 3846 curias
1172 3785 1307 3847 omnium
1330 3804 1401 3863 pro·

284 3891 453 3955 vinciarum
482 3893 685 3970 inquirerent,
716 3913 755 3955 an
775 3897 856 3955 recte
883 3894 1011 3973 singulis
1031 3895 1068 3955 de
1089 3895 1225 3975 personis
1245 3895 1400 3973 provisum

285 4002 341 4081 sit,
363 4005 395 4064 et
415 4004 512 4082 qualis
532 4004 566 4064 in
585 4003 623 4064 iis
645 4003 686 4064 sit
701 4002 840 4080 justitiae
861 4003 1100 4078 administratio,
1122 4024 1176 4083 per
1196 4006 1399 4084 curiae'porro
1491 3997 1492 4006 ¹

285 4112 323 4173 ad
343 4113 540 4192 magistratus
562 4113 721 4175 civitatum
743 4130 919 4190 progressus
948 4113 1020 4189 fiat,
1044 4116 1076 4175 et
1096 4113 1177 4176 circa
1197 4113 1272 4176 istos
1294 4117 1397 4176 eadem

283 4222 502 4287 animadversio
533 4223 689 4284 habeatnr.
737 4221 817 4282 Nam
847 4223 933 4284 nulla
962 4242 994 4284 re
1021 4223 1119 4302 magis
1150 4222 1241 4303 atque
1261 4225 1339 4302 ista,
1367 4228 1400 4287 et

282 4335 478 4396 autoritatem
501 4331 558 4394 sibi
578 4351 675 4395 novus
697 4332 835 4410 princeps
859 4336 891 4394 et
914 4333 1045 4412 gratiam
1065 4323 1147 4414 apud
1167 4337 1313 4413 populum
1327 4355 1399 4398 con-

283 4443 414 4519 ciliabit,
435 4446 540 4522 estque
559 4461 614 4521 per
633 4462 664 4504 sa
683 4441 861 4505 necessaria.

303 4554 402 4625 ‘Quid
431 4553 564 4630 proxime
594 4552 653 4614 tibi
679 4552 849 4630 scripserim
878 4572 939 4615 non
966 4553 1106 4634 ignoras,
1125 4573 1161 4617 ea
1181 4574 1228 4617 res
1248 4575 1296 4616 me
1320 4573 1396 4618 non-

281 4662 358 4726 nihil
379 4661 476 4722 adhue
497 4661 659 4723 sollicitum
680 4663 780 4740 tenet,
800 4679 838 4724 ne
859 4664 931 4726 talis
952 4664 1102 4741 separatio
1123 4665 1155 4726 in
1168 4669 1325 4745 posterum
1339 4666 1397 4726 ali·
1488 4705 1489 4740 ,
