3020 5360
312 529 371 591 188
628 560 633 574 ¹
722 549 856 593 ooouua
882 549 1011 592 mama,

315 707 388 768 navi
408 705 512 768 literas
532 708 601 770 illas
626 709 705 770 siout
724 728 780 770 noo
800 710 1035 789 Prognostioon,
1065 711 1102 769 ut
1124 709 1223 787 lagare
1243 707 1358 784 possis,
1378 708 1426 767 aad
1465 755 1467 759 ,

315 811 409 875 leotaa
432 817 469 874 tu
488 816 796 896 quaeso-obsignato,
827 821 859 878 et
881 837 936 894 por
955 818 1112 894 proprium
1135 817 1280 876 nunoium
1299 815 1426 876 Loovor-

315 921 397 982 diam
427 925 639 986 transmittito.
678 925 727 985 Ibi
752 927 864 987 nuncio
888 926 1032 987 salarium
1053 946 1142 986 suum
1164 923 1332 985 liberaliter
1351 924 1427 983 oxol-

314 1032 420 1106 votur,
452 1033 532 1093 siout
557 1033 645 1109 jussi.
698 1032 804 1094 Otium
823 1054 884 1095 nou
907 1035 969 1094 fuit
987 1033 1075 1094 nobis
1094 1034 1200 1094 lituras
1220 1033 1289 1092 illas
1313 1031 1428 1108 saepius

313 1137 508 1202 describendi.
549 1141 646 1203 Absto
669 1144 708 1203 ad
728 1144 843 1220 priores
867 1162 1044 1220 responsum
1067 1143 1203 1221 quotidie
1223 1143 1364 1218 expecto,
1385 1143 1427 1200 at-
1494 1187 1495 1192 1

314 1266 373 1323 que
408 1252 501 1312 otiam
531 1253 704 1326 consilium,
733 1273 792 1331 quo
812 1273 860 1314 mo
880 1253 1021 1314 absoluta
1042 1253 1198 1312 aurationo
1222 1250 1357 1310 oouforra
1381 1250 1427 1308 de·

312 1358 415 1432 boam,
446 1379 517 1420 uam
551 1360 706 1422 Coloniam
736 1363 792 1422 hoo
813 1383 913 1423 rorum
935 1364 1020 1422 statu
1040 1362 1138 1421 redire
1159 1379 1222 1420 non
1241 1359 1347 1419 audeo.
1387 1357 1426 1416 Ut

314 1485 404 1528 causa
434 1488 502 1529 moa
533 1470 590 1530 tibi
622 1472 663 1531 sit
693 1473 903 1532 commendata
937 1489 1126 1548 summopore
1157 1489 1247 1548 rogo,
1278 1473 1371 1545 atquo
1393 1470 1425 1526 ut

311 1578 427 1638 reditus
458 1579 549 1656 hujus
577 1581 650 1640 anui
680 1581 712 1640 in
736 1581 879 1641 nundinis
902 1581 1029 1640 habeam
1053 1581 1169 1640 instare
1192 1578 1273 1654 apud
1298 1596 1349 1638 eos
1368 1594 1424 1635 non

311 1685 436 1748 desines.
477 1687 558 1748 Bono
585 1689 653 1749 valo
673 1689 721 1749 vir
740 1687 962 1760 amantissimo,
990 1688 1077 1748 uxori
1096 1689 1127 1746 ot
1147 1686 1250 1746 liboris
1270 1705 1388 1746 omnam
1408 1703 1424 1744 a

310 1815 358 1857 mo
378 1799 516 1859 salutem.

350 1905 471 1983 Spirae,
495 1906 533 1966 18
553 1905 626 1967 Juu.
648 1908 737 1968 1583.

1084 2014 1169 2074 Tuus
1190 2033 1226 2074 ox
1247 2013 1349 2073 animo
1495 2099 1496 2108 ἵ

1167 2122 1205 2185 A.
1227 2123 1265 2182 a
1495 2109 1496 2186 t

310 2813 359 2873 81.
559 2823 717 2868 aauuauuo
737 2822 860 2864 acuam
882 2805 944 2882 (aa
963 2804 1054 2879 aaa
1075 2803 1161 2879 Nro.)

994 3009 1091 3082 Rom,
1114 3009 1152 3068 10
1175 3007 1258 3084 Sept.
1281 3007 1369 3067 1584.

349 3200 485 3261 Salutem
500 3199 541 3276 1).
592 3195 689 3255 Valde
720 3209 794 3252 aveo
827 3187 902 3249 soiro
933 3186 1081 3263 quomodo
1109 3186 1267 3264 nogotium
1289 3183 1423 3244 auooodat
1496 3205 1497 3274 ζ

310 3330 380 3372 oum
409 3305 633 3368 Euaummanis.
682 3301 790 3377 Itaque
821 3298 854 3357 in
877 3297 940 3356 dies
964 3298 1035 3355 tuas
1056 3296 1181 3370 expecto
1201 3294 1318 3353 litoraa
1358 3289 1423 3350 Misi
1496 3285 1497 3288 ’

309 3419 346 3479 Β.
376 3435 473 3492 nuper
502 3415 577 3473 duos
607 3411 724 3470 libellos
755 3407 814 3472 viri
843 3406 952 3465 nostri.
991 3404 1081 3462 Nono
1109 3403 1237 3462 tortium
1259 3401 1375 3478 corrigo
1395 3400 1423 3457 et

310 3527 373 3587 faro
393 3524 525 3595 absolvi,
557 3522 607 3582 oui
626 3519 736 3579 titulus
758 3520 819 3576 ost:
843 3513 1024 3591 ›Theologia
1051 3511 1258 3571 Germanica.”
1301 3509 1422 3586 Pergam

311 3640 384 3697 tuno
417 3633 456 3692 ad
485 3631 575 3702 alios,
607 3629 657 3688 vol
687 3627 712 3686 si
731 3627 778 3684 ita
797 3624 883 3686 vobio
909 3623 1046 3694 videtur,
1068 3620 1162 3680 otiam
1185 3619 1218 3678 in
1243 3619 1314 3678 aliis
1337 3635 1421 3678 avan·

311 3745 397 3826 galiis
424 3746 456 3803 at
487 3738 631 3816 epistolis.
684 3733 904 3794 Annotatiouao
928 3730 1024 3790 Bazao
1045 3727 1232 3788 examinabo.
1273 3727 1338 3786 Ista
1358 3725 1421 3784 doo-

311 3855 396 3917 trina
424 3849 560 3911 omnium
591 3843 801 3906 calamitatum
821 3842 995 3901 nostrarum
1019 3854 1111 3898 causa
1131 3837 1193 3912 ost,
1215 3837 1282 3895 tam
1305 3833 1344 3894 ab
1366 3849 1421 3892 uua

311 3982 404 4044 quam
434 3959 473 4020 ab
505 3955 602 4017 altera
621 3955 722 4031 parte,
743 3947 909 4010 oommum's
936 3946 1017 4006 onim
1040 3945 1177 4022 utrisque
1197 3946 1261 4016 θεὴ
1290 3941 1420 4002 Christus

310 4077 423 4136 iturum
448 4062 545 4130 'notus
566 4063 641 4125 ¹fiori
662 4062 767 4135 debat,
788 4059 840 4119 sod
860 4056 971 4134 ubique
993 4055 1089 4133 magis
1114 4057 1146 4114 ot
1169 4053 1266 4132 magis
1286 4053 1420 4114 obscum.

309 4189 372 4246 tur.
422 4180 503 4242 H‘mo
522 4182 587 4241 tam
607 4171 709 4251 grauis
730 4187 842 4246 poena,
867 4185 944 4244 quaa
966 4184 1046 4226 nuno
1070 4163 1137 4237 hio,
1157 4181 1238 4222 nuno
1261 4162 1306 4222 ibi
1328 4162 1419 4239 viget,

311 4297 433 4376 aportat
462 4308 549 4370 orgo,
581 4289 619 4348 ut
651 4303 721 4346 oum
751 4278 900 4357 patientia
931 4278 1073 4340 ovantum
1103 4275 1304 4350 oxpeotomuo.
1343 4269 1421 4330 Nihil

310 4408 387 4470 mihi
418 4404 492 4466 adeo
523 4396 621 4474 dolat,
649 4413 740 4472 quam
764 4390 845 4469 quod
865 4406 1001 4464 unquam
1021 4403 1069 4445 ma
1088 4383 1228 4470 partium
1246 4380 1361 4443 'studiis
1379 4379 1421 4440 iu·

309 4513 525 4596 torposaorim,
556 4509 717 4585 postquam
748 4501 841 4562 otiam
860 4499 987 4574 neutra,
1008 4495 1060 4556 sod
1082 4512 1140 4556 noo
1159 4511 1196 4554 oa
1218 4509 1298 4570 quaa
1321 4490 1421 4553 molior

304 4629 510 4654 ,............--

340 4681 367 4744 1)
401 4680 467 4732 Gouz
482 4669 650 4739 oigeuhmtig.
