3028 5348
275 483 295 544 6
555 493 712 540 orsooesos
732 495 772 538 ru
792 493 850 537 mx
868 489 1106 538 eorumeorurn.

275 661 365 741 primi
385 660 504 739 plaoitis
523 658 603 737 regis
624 676 655 718 se
679 658 899 733 opposuerunt,
920 653 952 714 hi
975 675 1011 715 ex
1029 653 1192 718 Ordinibus
1209 656 1348 728 fuerunt,
1360 657 1393 716 et

275 772 308 832 in
328 769 451 832 oonsilio
472 766 619 829 Ordinem
639 765 752 842 plaeita
770 764 832 824 ista
845 763 991 842 abrogata
1003 767 1093 840 sunt,
1115 764 1393 842 introdrrotequae-

276 881 345 940 dam
367 876 520 956 religionis
540 873 722 946 transeatio,
743 872 850 932 deinde
874 871 959 932 missi
979 871 1074 950 legati
1095 873 1259 952 adregom,
1272 876 1308 934 ut
1320 891 1395 934 oon·

276 987 477 1050 firmationem
506 987 537 1045 ot
569 981 774 1061 abrogationis
795 984 826 1042 et
847 981 1062 1044 transactionis
1085 981 1174 1045 istius
1195 1002 1213 1043 a
1232 982 1394 1060 Majestato

276 1101 340 1178 ejus
366 1096 573 1174 impetrarent.
620 1090 806 1170 Redargutio
827 1092 859 1151 et
879 1090 1025 1152 ooniessio
1047 1093 1193 1168 quaedam
1213 1092 1261 1153 sui
1283 1091 1394 1153 erroris

276 1177 443 1281 et'delioti,
464 1207 517 1266 sed
539 1222 630 1281 quam
651 1201 786 1262 nondum
808 1219 876 1260 oum
895 1201 1083 1279 poenitentia
1102 1204 1298 1280 agnoverant.

317 1317 374 1379 Sed
395 1315 524 1394 emplius
544 1314 719 1392 priusquam
742 1311 886 1372 resolutio
908 1311 986 1390 regis
1011 1312 1117 1386 fieret,
1137 1311 1290 1390 religionis
1310 1311 1394 1389 prior

276 1427 374 1486 forma
393 1424 507 1486 mutari
526 1426 558 1484 et
576 1441 656 1484 nova
676 1420 828 1499 permitti,
849 1420 971 1495 deinde,
991 1439 1028 1481 ne
1049 1421 1122 1499 quid
1142 1421 1272 1498 deesset,
1285 1419 1394 1499 imagi·

276 1555 330 1597 nes
350 1533 465 1595 destrui
484 1533 655 1608 coeperunt.

318 1644 363 1703 Ex
383 1642 439 1701 hoo
460 1639 540 1701 teoto
560 1657 621 1699 non
640 1635 686 1696 illi
707 1636 819 1712 solum,
841 1636 945 1714 quiid
965 1641 1191 1715 perpetrarunt,
1212 1639 1263 1702 sed
1282 1638 1395 1702 etreli-

279 1751 331 1829 qui
351 1768 468 1821 omnes,
489 1746 587 1824 quod,
609 1763 677 1804 oum
697 1745 838 1820 possent,
859 1762 921 1806 non
940 1744 1148 1822 prohibuerint
1174 1747 1256 1808 istud
1277 1747 1396 1826 (potue-

278 1853 475 1934 runtjudioio
496 1853 717 1930 Hispanorum,
737 1851 791 1911 sed
811 1853 863 1928 qui
884 1856 1055 1928 praesentes
1070 1853 1212 1931 fuerunt,
1226 1858 1397 1934 agnoscunt

278 1987 402 2028 manum
432 1963 490 2024 Dei
519 1961 640 2037 fuisse),
672 1979 707 2020 ex
726 1960 783 2020 hoo
804 1963 906 2021 tamen
927 1960 1009 2022 faoto
1031 1981 1133 2029 omnes
1153 1964 1198 2023 rei
1217 1964 1337 2026 divinae
1364 1967 1397 2025 et

279 2081 427 2140 humanae
447 2071 617 2150 Maiestatis
637 2070 718 2147 apud
737 2087 839 2148 regem
860 2073 891 2130 et
911 2070 1063 2149 Hispanos
1084 2073 1243 2134 constituti
1263 2092 1375 2134 sumus.

319 2186 379 2247 Sed
408 2184 461 2263 qui
492 2181 531 2242 ad
562 2179 724 2240 veritatem
756 2181 788 2238 et
807 2179 846 2239 ed
867 2179 924 2240 Dei
940 2181 1089 2257 judicium
1109 2183 1288 2260 respiciunt,
1309 2171 1398 2264 longe

281 2298 369 2358 alitor
390 2294 540 2366 sentiunt,
571 2293 686 2352 faotum
705 2289 782 2349 illud
801 2289 924 2367 politiae
945 2295 976 2352 et
995 2293 1125 2352 humano
1146 2311 1229 2352 more
1249 2311 1310 2353 non
1329 2312 1399 2370 pro·

281 2407 357 2467 bant
376 2404 429 2465 sed
449 2402 642 2480 intelligunt,
664 2399 761 2458 Deum
782 2417 836 2475 per
856 2399 912 2459 hoo
932 2399 1047 2460 faotum
1068 2404 1100 2462 et
1119 2401 1239 2461 ordines
1252 2404 1285 2462 et
1304 2422 1400 2481 popu·
1504 2405 1505 2430 ³

281 2517 344 2576 lum
366 2516 397 2575 et
418 2531 520 2592 regem
539 2511 688 2572 instmrere
710 2511 742 2569 et
761 2508 936 2569 oonrinoere
956 2509 1101 2586 voluisse,
1122 2511 1147 2570 si
1160 2514 1222 2572 tam
1233 2512 1401 2592 gravepia·

283 2625 383 2686 aulum
401 2623 538 2702 judicent
556 2621 691 2698 lapideas
712 2621 743 2679 et
763 2618 899 2696 lingneas
919 2622 1034 2681 statuas
1055 2621 1191 2701 frangere
1205 2626 1236 2683 et
1249 2623 1400 2696 demoliri,

283 2737 431 2812 quantum
461 2733 614 2813 piaoulum
645 2730 700 2805 eit,
733 2728 868 2789 homines
889 2730 954 2790 sine
973 2731 1038 2792 ullo
1060 2732 1229 2793 discrimine
1261 2751 1348 2793 sexus
1368 2735 1401 2792 et
1503 2765 1504 2768 κ

283 2843 411 2918 aetatis,
431 2841 484 2919 qui
504 2839 543 2901 ad
563 2837 724 2916 imaginem
744 2835 802 2896 Dei
821 2835 895 2898 faeti
916 2843 1001 2914 sunt,
1023 2843 1054 2901 et
1074 2861 1201 2917 quorum
1222 2842 1288 2902 sine
1307 2840 1400 2900 dubio

282 2967 393 3026 magna
411 2965 482 3025 pars
503 2945 566 3022 jam
587 2943 685 3020 imago
709 2941 781 3015 Dei,
802 2942 932 3018 honest,
959 2944 1121 3007 Christiani
1132 2950 1233 3022 erant,
1248 2948 1401 3010 destruere

282 3060 315 3118 et
337 3058 480 3118 evertere.

325 3165 356 3226 Si
376 3163 514 3244 quemvis
534 3180 631 3241 poena
651 3164 720 3225 illos
744 3164 851 3243 dignos
873 3164 1028 3243 judioent,
1049 3166 1101 3244 qui
1121 3165 1178 3227 hoe
1202 3165 1316 3227 faotnm
1334 3184 1403 3245 per·

284 3278 460 3354 patrarunt,
492 3275 525 3334 in
558 3293 617 3351 qua
648 3275 801 3336 sententia
824 3263 922 3335 adhue
945 3274 1003 3336 nisi
1024 3278 1172 3352 quatenus
1196 3295 1232 3336 ex
1251 3280 1334 3339 metu
1354 3296 1402 3338 re·

285 3383 421 3462 primunt
451 3401 483 3442 se
511 3384 645 3461 plerique
677 3404 712 3444 er
744 3382 907 3444 Ordinibus
934 3386 966 3444 et
985 3385 1112 3460 populo,
1133 3384 1240 3446 deinde
1261 3404 1312 3446 rex
1333 3405 1402 3447 oum
1501 3441 1502 3450 ,

285 3492 347 3553 suis
368 3492 510 3568 Hispania
531 3493 644 3570 absque
664 3494 727 3554 ulla
746 3493 934 3571 poenitentia
956 3497 1165 3571 perseverant,
1180 3495 1248 3573 quis
1262 3496 1402 3557 dubitare

286 3600 411 3679 poterit,
432 3599 529 3661 Deum
542 3620 596 3680 pro
611 3621 665 3662 sua
675 3603 813 3679 justitia,
827 3620 889 3662 non
910 3602 988 3664 velle
1008 3621 1126 3681 quoque
1146 3622 1215 3666 suas
1235 3604 1400 3684 imagines,

286 3709 446 3788 inquibus
466 3711 624 3789 glorificari
644 3712 726 3785 vult,
747 3711 861 3772 inultas
881 3710 997 3772 sinere?
1500 3781 1501 3796 χ

326 3818 399 3879 Fuit
431 3836 501 3898 ergo
532 3821 588 3880 hoo
615 3819 729 3880 fautum
752 3819 849 3896 prima
870 3819 984 3879 oooasio
1001 3819 1110 3896 judieii
1129 3820 1186 3881 Dei
1205 3820 1238 3882 in
1260 3805 1403 3885 miser'am
1500 3803 1501 3818 ἵ

287 3927 417 4006 patriam
440 3932 590 4004 nostram,
613 3931 644 3990 et
664 3931 751 3989 tanto
771 3930 895 4006 gravius
916 3929 1152 4006 aestimandum,
1181 3932 1260 4008 quod
1280 3952 1342 3994 non
1366 3935 1404 3996 ab

288 4045 386 4098 extero
410 4039 511 4117 aliquo
538 4038 672 4117 prinoipe
700 4042 735 4099 et
754 4038 851 4098 milite
879 4039 1009 4099 eroroeri
1035 4039 1068 4100 in
1090 4058 1148 4101 nos
1169 4041 1282 4116 voluit,
1303 4043 1355 4104 sed
1374 4055 1405 4104 ut

288 4169 337 4208 noe
361 4148 427 4225 riori,
450 4166 522 4207 uuor
543 4149 577 4206 cle
600 4149 702 4222 altero,
717 4165 839 4223 poenam
862 4123 1023 4208 rueramus:

327 4258 422 4320 Juxta
441 4257 577 4318 ordinem
590 4276 679 4335 quem
692 4275 783 4335 supra
802 4259 1013 4320 constituimus
1029 4259 1294 4323 animadvertimus
1307 4262 1406 4339 primo

287 4370 353 4430 looo
376 4368 654 4447 confoederationem,
687 4387 770 4444 qoam
784 4369 927 4444 principor
947 4369 1002 4428 or'rr'
1019 4379 1044 4428 et
1063 4369 1165 4428 nobiter
1189 4371 1260 4429 inter·
1282 4389 1311 4430 re
1325 4375 1405 4451 soce·
1498 4389 1499 4394 ’

291 4486 370 4553 raet,
386 4478 548 4554 diremptam
567 4475 659 4537 fuisse
671 4479 703 4539 et
722 4476 850 4551 bellum,
880 4479 961 4556 quod
980 4479 1071 4556 paulo
1091 4482 1162 4556 post
1182 4484 1318 4542 secutam
1340 4483 1403 4555 est,

290 4583 439 4647 levissimo
460 4583 625 4646 evanuisse.
