3028 5348
420 992 570 1050 Discursus
593 1009 631 1048 aa
645 1009 709 1066 pus
732 992 803 1050 iuter
831 993 1030 1052 smendsimum
1056 1010 1144 1069 renem
1162 994 1255 1053 mtto-

377 1100 458 1157 b'eom
489 1109 514 1158 et
542 1100 652 1157 ordines
671 1098 765 1176 Baloie*
783 1101 811 1158 in
831 1102 881 1162 too
900 1111 1032 1162 conuento
1051 1102 1254 1175 mamaeam,

375 1228 413 1268 uo
432 1230 497 1269 uon.

174 1512 213 1573 In
233 1532 351 1572 summa
371 1515 430 1575 duo
455 1518 541 1590 sunt,
567 1535 643 1592 quae
664 1536 715 1576 rex
739 1514 863 1577 anobis
887 1513 982 1592 petite
1004 1514 1168 1576 catholicae
1191 1513 1253 1574 no-

129 1640 240 1682 manae
261 1623 330 1682 fidei
352 1613 383 1684 ot
395 1625 547 1703 religionis
562 1625 815 1700 observationem,
834 1624 940 1685 deinde
955 1643 1021 1685 eam
1035 1623 1251 1698 obedientiam,

129 1749 225 1808 quam
246 1732 385 1794 subditus
405 1753 458 1794 suo
480 1734 600 1818 domino
624 1739 777 1812 praestare
798 1734 962 1796 obstrietus
982 1737 1038 1796 est.

172 1839 239 1900 Hae
260 1843 404 1918 petitione
426 1844 557 1920 primum
579 1846 733 1906 ostendere
757 1845 842 1921 vult,
872 1864 927 1906 nos
949 1862 1052 1906 omnes
1072 1862 1133 1904 non
1154 1843 1251 1902 solum

128 1951 302 2012 Maiestatis
335 1952 469 2028 divinae,
502 1955 553 2014 sed
585 1959 616 2014 ot
645 1955 795 2014 humanae
826 1972 893 2014 reos
917 1973 996 2029 osso,
1020 1956 1178 2030 propterea
1196 1969 1252 2013 nos

128 2059 238 2138 dignos
268 2081 332 2124 esse
361 2064 398 2124 iis
427 2065 547 2140 poenis,
579 2083 654 2142 quae
684 2064 827 2127 adversus
861 2064 1033 2140 hujusmodi
1064 2063 1174 2124 delicta
1198 2082 1252 2140 per

128 2170 211 2247 leges
233 2172 415 2232 constitutae
437 2175 520 2233 sunt.

168 2257 213 2340 'Ee
233 2281 305 2357 qnia
327 2299 388 2342 non
408 2284 509 2359 potest
531 2282 646 2342 diutius
670 2303 724 2358 per
745 2301 815 2344 snos
835 2282 1032 2362 magistratus
1053 2300 1164 2359 poenas
1177 2281 1251 2344 istas

128 2389 305 2466 exequi,'vi
326 2393 358 2450 et
380 2391 471 2451 armis
486 2390 619 2469 infligere
644 2411 694 2452 eas
710 2391 775 2469 jam
795 2393 900 2452 multis
921 2392 1008 2453 annis
1028 2396 1155 2454 conatus
1169 2396 1224 2454 est.

170 2497 227 2559 Est
243 2519 359 2577 quoque
381 2500 413 2559 in
434 2501 490 2562 hae
511 2501 717 2579 persuasione,
739 2503 824 2579 enjus
842 2503 1057 2581 approbatores
1077 2523 1138 2566 non
1154 2506 1251 2566 solum

126 2606 269 2684 politicos
293 2608 392 2682 viros,
428 2609 479 2669 sed
507 2613 538 2670 st
558 2595 713 2688 theologos
735 2610 841 2685 habet,
867 2629 897 2671 se
921 2613 1045 2672 tandem
1067 2613 1250 2690 superiorem

125 2711 177 2778 et'
191 2718 335 2782 victorem
365 2719 515 2798 futurum,
541 2724 572 2782 et
603 2722 639 2782 de
663 2722 816 2796 omnibus,
848 2699 900 2800 qui
930 2741 1010 2784 nuno
1041 2723 1166 2786 rebelles
1191 2725 1249 2786 sibi

125 2831 216 2904 sunt,
248 2830 262 2906 j
300 2833 364 2890 tam
401 2830 567 2892 vindictam
603 2834 637 2891 et
667 2832 847 2908 supplicium
881 2836 1092 2910 sumpturum,
1126 2833 1250 2912 reliquis

124 2937 226 3016 leges,
252 2957 327 3016 quas
352 2939 417 3017 ipso
440 2939 530 3013 velit,
552 2938 775 3017 impositurum.

168 3047 232 3107 Neo
255 3047 372 3110 abhas
393 3050 543 3112 sententia
567 3049 606 3110 ab
627 3051 690 3110 ullo
714 3069 746 3112 se
770 3049 917 3114 dimoveri
938 3049 1148 3126 sineret,‘nisi
1172 3051 1250 3112 diffi-

123 3157 257 3218 cultates
287 3163 319 3219 st
347 3160 481 3238 pericula
511 3161 658 3238 quaedam
689 3161 892 3236 praevideret,
922 3179 1000 3238 quae
1031 3161 1149 3238 publiea
1179 3180 1249 3223 enm

123 3266 342 3344 admonerent,
363 3272 529 3346 praestare,
552 3289 582 3330 se
606 3269 847 3330 moderatoribus
868 3269 1000 3330 consiliis
1022 3274 1053 3330 et
1072 3269 1178 3330 mediis
1191 3271 1248 3332 uti.

167 3375 252 3437 Inter
284 3398 360 3456 quae
391 3378 529 3440 habenda
559 3383 629 3440 sunt
661 3365 932 3455 reconciliationes,
963 3398 1039 3458 quae
1070 3382 1101 3440 st
1130 3380 1248 3457 publioe

123 3484 266 3547 omnibus
297 3490 329 3548 et
357 3487 500 3564 privatim
531 3487 657 3566 singulis
685 3507 704 3548 a
734 3488 895 3565 Majestate
917 3489 981 3564 sius
1004 3489 1191 3566 offeruntur,
1216 3489 1248 3550 in

123 3614 196 3654 eum
219 3596 309 3657 finem
327 3617 444 3675 quoque
465 3616 606 3674 praesens
626 3601 792 3660 conventus
812 3597 943 3658 indictus
966 3601 1022 3660 est.

167 3706 238 3767 Non
267 3709 370 3768 tamen
401 3708 481 3784 quod
501 3707 533 3768 in
555 3708 656 3768 animo
677 3707 787 3768 habeat
807 3728 840 3767 re
861 3727 932 3769 vera
956 3707 1094 3768 subditos
1119 3727 1188 3770 snos
1208 3708 1248 3768 ab

121 3816 194 3876 istis
216 3817 333 3878 delictis
343 3821 489 3895 tanquam
502 3817 673 3878 innoeentes
688 3816 859 3893 absolvere,
874 3817 926 3878 sed
937 3817 1132 3879 abolitionem
1142 3837 1246 3878 eornm
1327 3825 1329 3830 ’

120 3927 296 4004 indulgere,
317 3927 343 3988 si
366 3928 454 3988 modo
476 3927 587 3988 delicta
609 3947 663 3988 sua
687 3930 853 4006 agnoscant
874 3929 1042 4005 etposthae
1059 3927 1246 3988 obedientiae

120 4034 277 4114 pontificis
299 4039 331 4095 et
350 4036 429 4113 regis
454 4036 598 4112 subjicere
620 4036 773 4113 separati
798 4036 869 4097 sint.

166 4144 244 4215 Quia
267 4147 368 4204 autem
391 4145 499 4203 diffidit
523 4164 554 4204 se
577 4144 648 4204 ida
672 4144 814 4220 subditis,
854 4148 946 4222 prout
969 4145 1051 4217 vult,
1083 4145 1246 4220 impetrare

119 4271 225 4330 posse,
246 4272 299 4330 per
322 4254 446 4313 consilia
467 4257 497 4314 et
517 4253 616 4313 media
634 4253 710 4327 ista,
732 4254 891 4330 praecipue
909 4253 1245 4328 perhuneoonventum

120 4360 209 4420 dabit
233 4380 369 4437 operam,
401 4365 438 4422 ut
457 4365 576 4436 metuo,
608 4362 790 4422 extrahendo
813 4365 844 4422 et
868 4361 1047 4434 differendo,
1071 4363 1106 4420 ut
1128 4361 1245 4420 interea

119 4470 317 4531 difficultates
337 4474 368 4532 et
388 4471 521 4548 pericula
540 4472 600 4532 ista
623 4473 757 4547 avertat,
780 4489 960 4547 causamque
977 4488 1062 4530 suam
1083 4469 1241 4532 firmiorem

119 4583 156 4640 ot
176 4582 313 4642 nestram
336 4581 530 4642 infirmiorem
552 4581 669 4642 efficiat.
