3028 5348
697 521 830 565 naeuus
858 521 986 566 Annene.

485 761 493 770 .
569 683 728 745 Clarissimo
758 685 984 762 mestusque
1016 689 1075 748 uiro
1105 688 1214 747 derium
1244 679 1408 750 muniere

527 810 648 854 nexum
671 795 698 855 1.
724 794 758 855 U.
780 795 900 867 doctori,
921 796 1009 855 amito
1026 815 1076 856 sue
1095 797 1266 859 uterinus.

1005 999 1100 1076 Kuln,
1122 1001 1141 1060 2
1161 1000 1251 1077 April
1273 1002 1363 1062 1580.

327 1177 462 1239 Salutem
475 1178 516 1255 1).
556 1176 687 1253 Propero
708 1176 756 1236 vir
776 1176 998 1250 amentissime,
1019 1180 1055 1237 ut
1075 1179 1218 1239 nuntium
1240 1180 1407 1258 remittam,

286 1306 378 1365 quere
399 1287 431 1347 in
451 1285 578 1363 publicis
598 1285 637 1344 ert
660 1285 784 1358 literas,
805 1304 880 1361 ques
901 1285 939 1345 ud
960 1286 1115 1346 dominum
1140 1287 1266 1349 Ufflrens
1287 1290 1342 1364 (ie,
1357 1309 1407 1350 me

285 1396 390 1456 refero·
440 1395 587 1472 Simulare
619 1395 675 1454 Dei
696 1395 850 1468 heneficium
879 1413 926 1471 eqo
946 1405 972 1454 et
991 1387 1117 1455 quenes
1136 1406 1311 1474 reputamus,
1333 1400 1410 1474 quod

286 1518 343 1567 tum
372 1505 501 1581 temporis
531 1505 560 1562 in
589 1505 696 1564 civitate
726 1522 783 1561 nou
806 1502 917 1580 fuerr's,
950 1521 1003 1578 quo
1028 1503 1081 1560 aiii
1100 1505 1407 1580 comprehendebantur.

287 1615 360 1687 Quis
377 1615 418 1674 sit
433 1615 481 1690 2),
502 1630 561 1691 quo
582 1612 656 1672 heee
676 1631 723 1672 res
737 1611 835 1671 adhue
850 1629 1001 1671 emersura
1015 1611 1074 1670 sit?
1095 1630 1278 1689 quemquem
1292 1615 1407 1692 optime

286 1744 322 1786 ex
352 1726 437 1801 parte
467 1723 587 1796 nostre,
622 1721 674 1799 qui
690 1722 808 1798 justum
833 1738 955 1780 eeusem
976 1721 1096 1781 tuemur
1117 1721 1215 1798 quoed
1236 1741 1407 1783 successum

286 1852 416 1911 sperem,
447 1833 499 1893 sed
529 1832 627 1894 solent
658 1849 746 1908 suepe
770 1830 856 1891 veris
881 1833 912 1891 et
932 1829 1102 1890 miserenda
1125 1831 1206 1892 inter
1226 1831 1302 1894 istas
1325 1835 1406 1894 sedi·

286 1942 383 2004 tiones
405 1942 537 2018 evenire,
559 1961 577 2002 e
597 1940 705 2018 quibus
728 1957 781 2000 oro
801 1939 964 2000 Dominum
984 1939 1102 2016 Jesum,
1124 1944 1161 2000 ut
1179 1941 1407 2004 velitnostrum

287 2051 420 2112 Alberdn
439 2051 628 2128 reliquosque
649 2049 715 2126 pios
740 2066 927 2110 conservare.
969 2034 1078 2109 Neseie
1100 2049 1152 2125 qui
1171 2049 1226 2110 fiet
1245 2051 1329 2112 nullo
1348 2071 1408 2112 un·

286 2181 377 2243 quum
396 2163 530 2238 tempore
551 2159 651 2219 minus
668 2158 822 2235 perculsus
844 2161 874 2218 et
894 2157 1020 2218 territus
1030 2157 1075 2217 fui
1097 2161 1128 2218 et
1138 2157 1173 2238 si
1188 2159 1261 2238 quid
1275 2160 1408 2237 timoris,

285 2274 321 2332 ut
344 2269 409 2331 fieri
429 2270 622 2349 pluerumque
648 2267 741 2341 solet,
763 2266 897 2328 animum
917 2286 1017 2327 meum
1042 2266 1179 2343 invadit,
1205 2268 1409 2330 incontinenti

285 2379 451 2453 evanescit,
473 2381 538 2439 dum
560 2388 656 2456 reperto
676 2395 779 2437 meeum
799 2387 857 2438 tam
880 2378 1029 2453 manifeste
1050 2378 1107 2436 Dei
1126 2397 1191 2455 erqa
1211 2399 1262 2438 noe
1280 2399 1366 2439 curae
1384 2391 1409 2440 et

284 2491 406 2568 masiae,
421 2490 588 2568 meruerim
609 2489 638 2546 iu
658 2506 705 2562 ee,
727 2488 803 2564 qued
822 2505 900 2546 arces
916 2488 985 2546 istas
999 2497 1055 2546 tam
1062 2487 1184 2564 sentiet
1200 2488 1312 2547 inuenio
1326 2490 1408 2548 modo

285 2608 433 2676 autequam
447 2597 572 2674 proditio
593 2596 647 2655 ista
667 2596 709 2653 ad
727 2597 848 2671 eefietum
862 2596 1028 2672 perueniret,
1049 2597 1140 2654 uestri
1150 2607 1336 2673 occuparunt,
1353 2597 1408 2656 sed

285 2725 340 2767 nee
360 2723 540 2784 magnopere
561 2705 660 2765 dolere
680 2722 803 2781 possum
827 2705 859 2764 id
879 2704 967 2765 nobis
981 2724 1048 2765 eum
1059 2706 1172 2782 juvene
1185 2706 1245 2765 iste
1260 2707 1406 2784 evenisse,

285 2834 356 2879 nem
389 2817 534 2892 perpetuo
565 2815 597 2874 in
626 2815 734 2875 timere
758 2814 871 2875 versati
899 2814 1075 2888 fuissemus,
1106 2833 1318 2894 necunquam
1340 2815 1406 2876 Deo

285 2945 373 2986 suum
393 2925 536 2986 honorem
557 2923 709 2986 vindicare
731 2926 763 2986 et
780 2924 956 2998 restituere,
977 2943 1032 2984 nee
1046 2924 1193 2987 servitute
1206 2943 1260 2986 nos
1274 2924 1405 2986 liberere

210 3113 212 3118 Ι
284 3037 500 3114 potuissemus,
522 3051 650 3114 quorum
672 3052 753 3093 nune
775 3032 895 3111 egregie
920 3032 1068 3109 principie
1088 3033 1173 3109 jaste
1197 3036 1278 3094 sunt.
1320 3034 1405 3106 Quae

284 3143 431 3222 principie
451 3162 568 3224 quoque
589 3143 670 3204 tenti
691 3142 771 3221 apud
791 3161 838 3202 me
860 3142 1004 3203 momenti
1029 3145 1116 3218 sunt,
1143 3147 1180 3202 ut
1204 3143 1240 3204 de
1263 3145 1321 3204 fine
1343 3163 1406 3206 non

283 3254 342 3316 nisi
366 3255 480 3331 optime
500 3271 652 3334 quaeque,
674 3253 832 3330 preeeipue
853 3253 933 3313 eirea
954 3271 1006 3325 ee,
1028 3271 1105 3332 quae
1127 3253 1331 3314 ad'honorem
1345 3253 1405 3314 Dei

285 3367 316 3424 et
339 3363 466 3424 sulutem
497 3362 666 3422 animarum
686 3363 859 3421 nostrerum
878 3361 1048 3439 pertinent,
1070 3381 1189 3439 sperare
1210 3381 1328 3442 queem.
1349 3364 1402 3437 Si,

284 3475 349 3532 dum
370 3473 435 3532 haee
458 3481 593 3549 aquetur,
607 3473 751 3546 jacturam
771 3471 894 3547 aliquam
917 3489 1009 3528 rernm
1035 3481 1194 3530 uestrarum
1209 3473 1352 3548 patimur,
1373 3474 1405 3532 id

284 3581 371 3642 nobis
401 3599 496 3661 seque
530 3580 629 3640 animo
662 3578 817 3639 ferendum
841 3581 903 3652 est,
924 3579 1012 3640 facile
1037 3580 1098 3640 istu
1121 3599 1174 3641 suo
1198 3583 1333 3658 tempere
1358 3602 1405 3644 re·

283 3691 463 3765 sarcientur,
483 3689 611 3749 maxime
631 3686 731 3767 quoad
750 3688 835 3748 tuem
855 3705 1013 3764 personum
1029 3690 1116 3766 eujus
1126 3689 1191 3766 jum
1204 3690 1310 3763 fidem,
1327 3710 1400 3768 pru·

283 3799 419 3861 dentium
449 3804 480 3861 et
509 3797 685 3860 modestiam
717 3797 853 3860 eoneives
875 3797 922 3858 tui
943 3802 974 3859 et
996 3799 1048 3858 ulii
1073 3799 1188 3876 experti
1211 3803 1290 3860 sunt.
1333 3801 1404 3862 Non

283 3909 336 3970 diu
365 3909 426 3970 iste
448 3927 496 3968 res
526 3908 606 3984 apud
633 3925 683 3968 ros
711 3909 791 3967 sture
822 3906 952 3984 peterit,
978 3907 1147 3968 nullo-illis
1174 3908 1287 3968 auxilie
1311 3910 1403 3972 edre-

283 4019 402 4092 niente,
424 4037 516 4097 quere
536 4021 590 4078 aut
610 4016 720 4077 redibis
741 4019 780 4078 ed
801 4016 964 4095 pristinum
987 4020 1076 4078 tuum
1090 4018 1236 4092 offieium,
1251 4023 1305 4080 eut
1319 4021 1402 4082 eliud

225 4133 226 4138 ’
284 4132 315 4191 et
334 4130 413 4204 forte
436 4128 542 4188 melius
565 4128 591 4188 si
611 4145 672 4187 nen
694 4127 774 4204 epud
795 4146 865 4206 VOS,
887 4128 996 4188 saltem
1015 4128 1104 4201 alibi,
1130 4129 1336 4206 consequeris,
1362 4131 1402 4190 ed

283 4239 364 4319 quod
393 4255 448 4317 ego
471 4256 506 4298 ex
538 4241 604 4300 toto
635 4236 736 4298 animo
758 4257 841 4311 mee,
863 4238 1016 4299 oecesione
1038 4239 1128 4313 deta,
1156 4258 1277 4315 operum
1299 4259 1398 4300 meum

283 4351 435 4428 praestare
456 4347 553 4425 eupie.
594 4347 701 4423 Nune,
721 4348 802 4427 quod
822 4347 914 4424 petie,
937 4350 1077 4425 seperate
1097 4348 1218 4409 seedule
1231 4351 1262 4410 te
1275 4349 1402 4411 Ufflrens

321 4561 346 4624 1)
381 4561 446 4612 Gunz
462 4559 629 4625 eigenhiindig.

317 4661 343 4727 2)
377 4659 409 4712 so
425 4659 487 4710 stutt
503 4655 557 4710 seit.
