3028 5348
802 489 856 530 m

551 647 759 708 Harxheimeri
780 649 984 724 'cenfessieue‚
1026 669 1083 710 usu
1114 649 1385 710 ecclesiasticorum

551 755 699 817 bonerum
714 760 754 835 1).

411 863 533 948 SJunii.
547 865 593 924 De
624 866 763 943 collapsis
792 866 957 945 erigendis,
978 869 1104 928 calmet.
1126 885 1261 928 mearum
1280 867 1385 927 litern-

551 992 619 1032 rum
641 975 680 1033 ad
700 974 855 1034 deminum
877 975 915 1036 A.
936 974 975 1034 A.

391 1079 596 1140 cosenulis
617 1080 773 1141 discordiis
794 1081 876 1142 inter
895 1083 971 1142 duas
994 1082 1127 1144 diversas
1149 1086 1266 1160 partes;
1287 1084 1386 1144 Elusu-

544 1209 656 1264 mene,
685 1190 835 1268 legatione
862 1192 902 1252 ad
922 1191 1045 1252 comitia
1064 1193 1198 1271 imperii,
1218 1193 1315 1253 literis
1338 1193 1384 1252 in·

439 1297 440 1302 ’
549 1299 709 1375 terceptis,
740 1300 850 1360 libellis
882 1301 1083 1375 transmissis,
1115 1302 1244 1380 epistole
1264 1303 1302 1362 ad
1323 1303 1385 1362 Da·
1508 1286 1509 1324 ³

543 1427 661 1470 naeum.

548 1517 677 1580 Heideni
697 1519 898 1581 consolatoria
917 1519 1046 1598 epistola
1067 1522 1105 1582 ad
1126 1539 1184 1582 rue.

390 1626 524 1687 18Julii.
545 1626 686 1704 Ejusdem
710 1629 749 1688 ad
769 1649 826 1689 me.
889 1695 891 1698 ,

390 1735 428 1795 19
443 1733 526 1812 Sept.
547 1735 637 1812 Mihi,
658 1737 695 1797 de
707 1736 911 1814 Heltmanne,
925 1739 1011 1799 libris
1025 1738 1226 1811 transmissis,
1241 1738 1383 1800 Albesda.

389 1843 531 1906 Galocl.
545 1847 636 1921 Mihi,
667 1848 704 1907 de
735 1847 851 1909 Danaei
880 1848 998 1922 libello,
1030 1849 1067 1910 dc
1088 1848 1263 1909 adoratione
1284 1849 1382 1908 carnis

439 1939 443 1946 ¹
548 1952 675 2027 Christi,
703 1955 742 2016 A.
762 1956 800 2015 A.
823 1955 1053 2032 Consolatione,
1082 1957 1181 2017 literis
1205 1956 1243 2016 ad
1270 1955 1383 2016 hinda-

548 2083 619 2125 num
642 2065 814 2142 episcopum
835 2067 1119 2128 ltnremendensem.

407 2173 516 2235 90ct.
547 2174 633 2234 Mihi.
675 2174 720 2234 De
760 2175 924 2236 miserabili
955 2178 1039 2236 statu
1070 2175 1203 2254 patriae,
1235 2175 1382 2248 comitiis,

545 2284 643 2344 edicto
663 2283 847 2358 Coloniensi,
869 2285 905 2345 de
929 2285 1067 2345 omnibus
1084 2304 1151 2345 nen
1170 2303 1242 2344 snae
1261 2284 1381 2362 religie-

547 2393 595 2453 nis
615 2393 778 2468 ejiciendis.
819 2392 1001 2453 Exeeutione
1024 2393 1057 2452 in
1077 2393 1299 2469 anabaptistas,
1320 2411 1381 2452 res·

546 2502 691 2579 pensione
712 2503 751 2562 ad
770 2502 876 2562 literas
896 2501 1027 2562 Lindani
1049 2503 1188 2580 episcopi,
1204 2501 1379 2562 deecclesia

545 2612 671 2692 aliisque
701 2611 869 2688 praecipuis
900 2611 1054 2690 religionis
1084 2611 1234 2685 articulis,
1266 2610 1380 2672 Danaei

544 2719 645 2780 libelle
672 2721 708 2780 de
738 2721 913 2781 adoratione
937 2720 1035 2782 carnis
1056 2720 1184 2795 Christi,
1213 2721 1377 2782 confutati-

546 2846 601 2888 one
622 2827 659 2888 A.
680 2827 735 2902 A,
756 2828 858 2889 libelle
878 2829 915 2889 de
936 2829 1060 2889 ecclesia
1082 2829 1190 2903 latine,
1222 2830 1272 2889 cni
1292 2829 1377 2889 addi·

545 2939 594 2998 tae
616 2937 730 2997 Dauaei
751 2937 856 2998 literae
875 2939 914 2997 ad
935 2937 1157 2999 Gornhertium.

267 3047 354 3108 1583.
387 3048 424 3106 19
447 3047 516 3107 Jau.
544 3045 629 3106 Mihi.
652 3047 697 3107 De
717 3047 877 3123 tyrannice
897 3047 1057 3107 Alanconii
1078 3047 1159 3108 facte
1173 3047 1378 3126 Antwerpiae.

544 3156 601 3217 Dei
632 3157 821 3218 veluntatem
852 3176 913 3216 nen
933 3176 1012 3231 esse,
1033 3162 1070 3218 nt
1088 3158 1142 3217 illa
1162 3157 1278 3218 familia
1298 3160 1379 3219 exal·

545 3269 642 3340 tetnr;
683 3269 802 3343 tempus
832 3267 985 3346 regiminis
1015 3267 1138 3343 pietatis
1169 3271 1201 3327 et
1227 3269 1378 3345 justitiae,

544 3375 711 3437 blanconie
731 3355 793 3436 nen
813 3375 1001 3454 recipiendo,
1036 3376 1181 3436 electione
1202 3375 1378 3437 Coloniensi.

387 3486 425 3545 12
445 3486 515 3546 dan.
543 3485 592 3545 Ad
612 3486 759 3546 Davidem
781 3485 929 3545 Samuelis
948 3485 1090 3560 fratrem,
1111 3485 1147 3544 de
1165 3485 1250 3545 obitu
1263 3485 1378 3546 dohan-

543 3595 590 3656 nis
610 3595 746 3656 Heideni.

384 3703 528 3766 Ultdan.
550 3704 637 3782 Mylii
667 3706 774 3766 literae
806 3706 843 3766 ad
877 3705 1044 3779 Albadam;
1076 3705 1112 3766 de
1143 3705 1199 3766 Ilei
1220 3706 1378 3766 voluntate

543 3834 605 3875 nen
627 3818 780 3890 constare,
800 3818 885 3876 statu
900 3815 1132 3889 controversiae,
1154 3817 1250 3876 altere
1264 3819 1357 3876 statu.

405 3924 521 3986 lllebr.
542 3925 590 3984 Ad
612 3924 767 3986 deminum
788 3925 912 3986 Aetium
931 3924 1070 3986 lebrandi
1098 3926 1319 3987 exhortatoriae
1339 3925 1377 3984 ad

542 4035 688 4112 majorem
709 4034 911 4107 concordiam
927 4035 1071 4096 electione
1085 4034 1259 4128 hlencepii,
1275 4035 1377 4095 oblata

541 4144 704 4206 occasione.

541 4255 590 4313 Ad
621 4254 776 4315 dominnm
807 4253 922 4330 Aysma
944 4254 1121 4331 praesidem.
1161 4254 1206 4315 De
1226 4255 1376 4335 legatione

540 4366 580 4425 ad
601 4364 724 4425 comitia
743 4363 862 4440 imperii
883 4383 945 4424 nen
964 4368 1098 4442 recepta,
1126 4364 1294 4426 Alancenie
1314 4383 1376 4425 non

541 4471 728 4550 recipiendo,
749 4473 945 4550 occupatione
966 4473 1202 4551 Kaysersweerd.

260 4559 464 4577 -Q

294 4612 319 4676 1)
354 4611 416 4662 Hier
432 4609 486 4662 sind
508 4608 548 4660 bei
563 4608 669 4660 Ackcma
687 4608 747 4660 auci
764 4609 849 4662 seiten
867 4609 919 4662 laer
936 4609 1056 4674 galuren.
