3020 5360
416 542 456 582 su
477 537 595 581 euenum
616 533 891 579 urrnnuuusuuuu.
931 589 935 598 ,
1085 573 1092 580 ,
1172 513 1210 573 67

105 707 222 770 scientia
241 705 309 766 fieri
328 703 473 781 possunt,
493 718 569 762 neve
590 701 662 760 ente
676 700 796 774 tempus
816 695 875 756 tibi
893 695 1009 756 aditum
1022 698 1061 757 ed
1075 715 1125 758 eos
1139 714 1215 776 quos

105 817 254 879 emendare
286 817 319 875 et
350 814 501 873 instruere
534 809 634 887 cupis,
667 808 784 887 eripias.
824 807 946 867 Nullius
972 806 1084 866 donum
1103 811 1215 869 temere

106 923 248 987 contemni
281 920 384 995 debet,
416 919 496 999 quod
527 918 629 998 aliquo
660 917 748 977 modo
774 916 872 992 prosit
893 916 931 976 ad
952 915 1064 976 ueteris
1086 917 1216 978 aedificii

105 1033 331 1094 demolitionem.
381 1030 423 1089 nt
452 1027 587 1107 quandiu
616 1027 672 1086 hoo
702 1029 822 1102 tempus
841 1023 1013 1099 duraverit,
1035 1027 1137 1086 metuo
1161 1025 1212 1086 rix

105 1144 153 1202 illa
172 1142 270 1202 locum
291 1138 453 1209 habitura,
474 1154 552 1214 quae
574 1134 613 1194 ed
637 1134 876 1196 aedificationem
903 1133 975 1194 noui
997 1152 1104 1195 revera
1122 1135 1218 1211 perti-

106 1254 183 1312 nent.
222 1248 349 1310 Utinam
368 1264 510 1324 praesens
532 1244 670 1306 doctrina
690 1260 751 1304 nna
777 1237 846 1303 oum
869 1241 1070 1319 patefactione
1091 1243 1218 1303 idolola-

105 1361 230 1421 triarum
256 1361 287 1418 et
308 1357 455 1418 vitiorum
476 1354 612 1414 homines
636 1355 675 1414 ad
699 1353 933 1430 resipiscentiam
956 1358 987 1412 et
1009 1352 1219 1429 adjustitiam

106 1469 176 1546 legis
195 1470 323 1528 naturae
344 1466 399 1546 vel}
412 1464 506 1524 Mosis
527 1464 673 1524 adducore
694 1463 804 1540 possit,
826 1465 858 1522 et
877 1481 931 1540 per
950 1462 1073 1522 illorum
1092 1462 1219 1522 infirmi·

108 1583 200 1642 tatem
222 1577 400 1639 desiderium
422 1574 584 1635 inanimis
604 1593 707 1634 eorum
732 1573 913 1634 excitaretur
933 1572 1057 1634 secundi
1071 1571 1219 1634 adventus

110 1689 233 1760 Christi,
255 1689 291 1747 de
308 1705 367 1766 quo
388 1685 460 1744 libri
480 1683 701 1760 Prophetarum
722 1683 803 1760 pleni
824 1685 905 1743 sunt.
925 1683 963 1742 In
977 1701 1094 1743 summa
1107 1701 1217 1761 magua

109 1799 202 1858 adhuc
232 1799 279 1856 est
309 1794 467 1855 calamites
489 1793 587 1854 nostri
606 1792 767 1870 temporis,
788 1810 850 1852 uon
873 1795 995 1852 tantum
1018 1793 1118 1872 quoad
1141 1791 1222 1852 bona

110 1911 138 1968 et
158 1923 299 1982 corpora,
321 1905 373 1965 sed
394 1903 491 1963 multo
512 1903 609 1980 magis
637 1901 737 1982 quoad
766 1901 883 1962 animas
904 1905 1038 1976 nostras,
1070 1922 1147 1983 quae
1167 1919 1221 1964 00-

110 2015 159 2076 u'is
179 2012 362 2092 ignorantiis
382 2014 414 2072 et
435 2011 629 2072 coecitatibns
651 2029 668 2070 a
690 2011 753 2071 Deo
774 2010 957 2087 puniuntur,
971 2011 1040 2072 hino
1054 2011 1222 2073 suntaber-

110 2125 242 2186 rationes
262 2123 349 2198 illae,
370 2140 448 2201 quae
468 2124 539 2182 tam·
554 2122 588 2180 in
608 2120 756 2197 politicis,
778 2139 870 2199 quam
889 2121 922 2180 in
943 2121 1150 2182 ecelesiasticis
1171 2135 1223 2182 ne·
1297 2101 1300 2106 ¹

109 2233 197 2311 gotiis
231 2232 464 2293 committuntur
494 2234 526 2292 et
545 2249 665 2306 vereor,
685 2250 746 2291 non
767 2234 838 2292 ante
858 2231 927 2291 illas
950 2231 1087 2310 cognitas
1112 2238 1143 2294 et
1163 2233 1224 2296 dis·

113 2362 212 2404 cussas
234 2342 288 2415 iri,
319 2360 410 2421 quam
434 2340 487 2400 ubi
509 2340 657 2402 Dominus
677 2341 791 2422 majore
815 2359 870 2401 nos
890 2341 956 2402 luce
977 2344 1008 2402 et
1027 2343 1224 2421 3001101001-

112 2471 173 2511 sere
206 2433 349 2530 diguatus
379 2449 479 2510 fuerit.
521 2448 655 2524 Interea,
678 2449 704 2509 si
725 2449 798 2529 quid
821 2450 970 2510 Dominus
991 2450 1132 2530 cuiquam
1155 2471 1226 2530 ape·
1278 2499 1286 2513 .

112 2561 220 2634 ruerit,
243 2560 324 2640 quod
353 2559 401 2620 vel
425 2559 464 2618 ad
490 2559 657 2619 utilitatem
681 2559 862 2636 reipublicae
885 2559 935 2621 vel
962 2561 1000 2620 ud
1023 2563 1168 2638 majorem
1193 2563 1225 2624 in

113 2671 224 2746 pietate
257 2669 434 2746 profectum
452 2668 564 2729 servire
584 2670 616 2729 et
639 2669 777 2745 prodesse
799 2671 905 2748 queat,
928 2687 962 2729 eo
985 2669 1092 2730 vellem
1115 2689 1226 2732 unum·

113 2798 275 2858 quemque,
306 2779 454 2856 quantum
489 2776 573 2837 salva
604 2777 790 2838 conscientia
813 2779 878 2839 fieri
908 2778 1020 2855 possit,
1042 2780 1085 2840 sio
1105 2781 1168 2854 uti,
1190 2781 1227 2842 ut

113 2905 171 2946 non
201 2884 352 2945 discordia
382 2884 499 2963 aliqua,
529 2885 581 2945 sed
605 2887 703 2963 major
725 2887 884 2947 eoncordia
904 2887 984 2948 inter
1011 2889 1091 2949 cives
1111 2890 1228 2950 consti·

113 2998 226 3056 tuetur.
279 2993 372 3054 Nullo
403 2993 492 3052 modo
524 2995 598 3069 puto
628 2993 799 3054 iaciendum
830 3015 892 3056 esse
918 2997 1048 3071 malum,
1071 3001 1107 3059 ut
1124 2997 1229 3059 veniat

113 3105 240 3179 bonum,
261 3124 316 3164 neo
336 3103 477 3182 cuiquam
499 3103 659 3182 quicquam
680 3103 799 3180 publice
820 3104 1054 3182 indulgendum,
1075 3106 1155 3186 quod
1168 3106 1229 3184 legi

116 3218 146 3274 et
177 3213 331 3291 evangelio
360 3211 418 3272 Dei
447 3214 609 3289 repugnet,
641 3211 740 3290 qualis
765 3229 836 3271 saue
859 3215 946 3273 vetus
973 3213 1073 3273 cultus
1094 3215 1156 3288 est,
1179 3215 1231 3274 sod

117 3343 183 3384 cum
206 3322 240 3381 in
261 3321 384 3382 civitate
406 3322 508 3380 vestra
529 3335 620 3399 quam
642 3318 766 3396 plurimi
788 3319 886 3379 adhuc
906 3319 993 3380 hodie
1014 3320 1159 3397 existant,
1178 3323 1231 3402 qui

117 3432 249 3493 nondum
272 3430 305 3490 id
325 3445 499 3505 persuasum
518 3427 648 3500 habent,
669 3431 701 3487 et
721 3427 787 3503 alii,
811 3428 921 3507 quibus
940 3447 1002 3500 non
1022 3430 1173 3493 immerito
1197 3432 1230 3494 in

117 3561 194 3603 novo
214 3541 300 3601 cultu
320 3542 351 3599 et
371 3537 508 3598 doctrina
528 3537 676 3617 quaedam
701 3538 869 3615 displicent.
892 3540 970 3611 Quid
992 3541 1017 3600 si
1035 3541 1151 3602 interea
1171 3541 1228 3602 im·

119 3649 232 3728 petrori
252 3648 370 3725 possit?
392 3667 459 3708 oum
479 3665 567 3707 nemo
593 3647 674 3707 omni
694 3666 816 3724 prorsus
837 3649 957 3726 publico
979 3651 1120 3713 exercitio
1140 3651 1233 3712 desti·

119 3759 165 3820 tui
184 3756 293 3818 debeat
312 3760 368 3816 ant
391 3756 481 3832 velit,
503 3758 539 3815 ut
559 3774 614 3833 pro
635 3755 672 3815 iis
686 3757 833 3833 templum
847 3759 1016 3835 aperiatur,
1036 3760 1069 3819 in
1082 3779 1141 3839 quo
1156 3762 1234 3822 nihil

119 3887 209 3948 quam
229 3866 373 3926 lectiones
392 3866 499 3925 fierent
520 3865 631 3930 veteris
655 3867 686 3925 et
705 3866 777 3927 novi
798 3869 989 3944 testamenti,
1009 3869 1163 3946 dispositis
1178 3889 1232 3948 per

121 3978 182 4037 dies
205 3973 451 4035 convenientibus
473 3973 560 4034 libris
579 3973 628 4034 001
649 3975 808 4050 capitibus.
849 3974 887 4034 In
908 3976 982 4037 loeis
1006 3978 1232 4056 difficilioribus,
1311 4002 1313 4004 ·

122 4085 261 4146 absolute
289 4084 434 4158 lectione,
465 4084 545 4144 inter
576 4086 672 4144 certos
696 4084 815 4145 adhoc
846 4085 1000 4147 ordinatos
1020 4088 1150 4148 iniretur
1170 4108 1234 4150 mo·

122 4196 207 4255 desta
231 4184 379 4269 quaedam
400 4194 537 4264 collatio,
558 4193 773 4258 adhiberentur
792 4213 910 4272 preces,
931 4197 1075 4258 lectiones
1094 4199 1143 4259 001
1165 4217 1235 4259 oan-

122 4305 253 4365 tationes
274 4305 477 4382 psalmorum
498 4303 574 4363 nihil
598 4305 737 4380 putarem
761 4304 867 4365 utilius
883 4306 984 4365 velud
998 4307 1235 4368 emendationem

125 4413 205 4474 vitae
234 4414 283 4475 001
313 4413 353 4473 ad
383 4412 571 4474 concordiam
602 4413 667 4472 fieri
690 4430 794 4489 posse,
823 4431 879 4474 noo
902 4431 955 4491 per
975 4432 1043 4475 enm
1063 4416 1180 4477 oultum
1203 4419 1236 4479 in

126 4523 218 4582 ullam
239 4521 431 4584 offensionem
449 4521 505 4583 Dei
528 4522 763 4597 incurreremus,
791 4523 840 4583 001
860 4522 976 4604 aliquid
995 4523 1082 4585 nobis
1102 4543 1235 4586 assume-
