3028 5348
487 465 528 507 su
549 464 716 508 unrurrroe
736 465 864 510 rursus.
1196 459 1233 518 17

113 643 168 687 vos
193 624 399 686 incontinenti
421 626 561 687 certiores
575 626 707 689 reddam.
749 627 864 698 Quarto
877 630 967 707 hujus
980 630 1147 693 Johannem
1161 653 1238 696 nun·

118 736 203 794 cium
228 737 353 812 propter
374 734 556 812 interceptas
578 735 682 796 literas
703 738 834 812 vestras,
863 755 991 814 quarum
1014 741 1102 800 tenor
1121 745 1200 804 todia
1219 765 1238 804 a

117 846 294 904 thesaurario
314 844 439 904 detersio
458 846 525 903 miti
542 847 722 922 exprobratus
742 855 796 921 est,
821 849 972 925 praeorbus
990 852 1130 910 consilium
1150 873 1237 913 mmm

116 957 150 1013 de
182 955 297 1014 arethas
326 956 429 1015 costus
459 955 649 1028 demoliendis,
671 955 709 1015 ob
728 956 760 1015 id
781 957 861 1033 quod
878 961 1003 1018 conatus
1027 962 1058 1019 et
1078 963 1147 1021 acta
1171 966 1236 1024 turn

114 1063 212 1140 ipsius
236 1066 303 1124 turn
323 1063 441 1124 abbatis
465 1061 649 1124 Gertrudani
670 1065 702 1124 in
722 1065 848 1126 coneilio
868 1070 973 1128 nostro
994 1070 1131 1129 nonnihil
1142 1073 1236 1132 attin·

114 1193 233 1253 gerem,
257 1192 293 1233 ex
312 1191 373 1250 quo
395 1173 488 1233 etiam
513 1174 681 1252 intelligere
700 1176 844 1252 potestis,
857 1195 1019 1254 -quousque
1039 1157 1144 1240 literne
1165 1182 1235 1244 illae

114 1286 238 1346 vestrae
262 1283 469 1360 pervenerint,
493 1303 621 1361 querum
640 1286 794 1346 occasione
814 1286 895 1348 vitae
922 1307 1039 1366 quoque
1059 1308 1143 1351 meae
1163 1292 1235 1352 insi·

115 1393 182 1452 dias
206 1393 286 1453 strui
306 1411 325 1452 a
346 1393 419 1455 viris
440 1394 585 1472 gravibus
607 1394 786 1469 admoneor,
808 1397 860 1457 sed
884 1415 922 1458 ne
942 1399 1061 1477 longius
1069 1401 1235 1480 digrediar,

116 1504 245 1579 quarto,
277 1504 418 1579 iuquam,
449 1502 616 1565 Johannem
641 1505 680 1563 ed
700 1523 753 1566 voe
777 1505 861 1580 misi,
878 1507 956 1584 jussi
977 1507 1018 1582 ei,
1049 1511 1086 1570 ut
1105 1510 1164 1570 iter
1183 1531 1237 1589 per

116 1610 341 1688 Westpheliem
372 1611 486 1671 feceret
517 1615 549 1671 et
578 1615 615 1672 ut
636 1610 822 1692 Grocningae
843 1618 926 1676 sexto
948 1635 967 1676 a
986 1617 1059 1678 dato
1079 1619 1236 1682 literarum

116 1740 255 1781 mearum
279 1739 343 1781 sese
367 1721 502 1796 sisteret,
524 1731 628 1783 octavo
650 1721 843 1784 Leoverdiee.
885 1724 999 1784 Verum
1019 1729 1123 1804 postea
1145 1728 1235 1790 intel-

116 1832 192 1908 lexi,
217 1850 286 1890 eum
307 1830 530 1892 decimotertio
554 1834 661 1892 contra
681 1833 912 1909 prohibitionem
933 1854 1030 1895 meam
1051 1835 1234 1899 Darentriee

116 1943 219 2002 visum
238 1937 316 2002 essd.
352 1941 440 2002 Unde
459 1959 520 2002 non
545 1943 640 2004 solum
664 1944 811 2004 sollicitus
833 1963 914 2019 sum,
929 1964 967 2005 ne
981 1946 1053 2022 quid
1067 1946 1160 2007 etiem
1173 1948 1234 2009 illis

115 2053 214 2114 literis
235 2051 353 2112 adversi
373 2050 530 2124 acciderit,
552 2051 604 2111 sed
628 2051 717 2112 simul
738 2053 876 2114 dubitare
896 2055 1022 2131 incipio,
1045 2075 1083 2116 en
1098 2057 1123 2118 is
1144 2058 1233 2119 homo

117 2180 236 2240 quoque
270 2161 367 2222 bonae
390 2161 460 2222 fidei
492 2162 546 2234 sit,
577 2161 626 2222 vel
656 2161 763 2222 saltem
791 2164 856 2240 ejus
877 2163 1067 2242 diligentiae,
1089 2167 1137 2226 oui
1159 2170 1235 2230 tates

116 2274 226 2334 literae
258 2271 397 2331 concredi
418 2269 583 2330 debuerint.
623 2268 672 2329 Ab
693 2289 727 2331 eo
749 2273 883 2348 tempore
902 2292 956 2349 per
976 2275 1131 2335 nuncium·
1144 2297 1235 2354 quen-

118 2382 187 2441 dam
210 2379 457 2441 Arnhemiensem
485 2379 560 2440 alies
590 2380 694 2440 literas
716 2381 754 2440 cd
775 2400 828 2444 vos
849 2382 925 2442 dedi.
977 2383 1051 2459 Ejus
1070 2385 1135 2446 dati
1155 2407 1235 2450 nunc

118 2511 178 2552 non
200 2491 343 2564 memini,
365 2490 417 2550 sed
437 2507 498 2550 non
519 2489 619 2549 minus
638 2493 710 2549 sunt
731 2509 821 2565 quam
836 2490 912 2551 duae
925 2492 1143 2570 hebdomadae,
1155 2499 1235 2572 quod

116 2601 222 2661 literas
255 2601 329 2661 istas
356 2599 469 2676 scripsi.
511 2598 697 2658 Incluserem
723 2598 829 2658 iisdem
849 2599 946 2660 literis
967 2601 1118 2661 scedulam
1140 2624 1234 2682 quan-

117 2711 201 2787 dam,
223 2711 309 2786 eujus
332 2709 448 2786 copiam
469 2709 580 2769 iterum
600 2709 649 2768 hic
670 2709 798 2786 adjicere
819 2709 948 2786 placuit,
970 2730 1008 2772 ne
1028 2712 1106 2774 torte
1126 2713 1234 2776 literae

117 2819 186 2880 illae
218 2837 336 2896 quoque
368 2817 549 2879 interierint.
592 2816 739 2879 Convenit
759 2819 888 2878 materia
908 2820 972 2895 ejus
995 2839 1063 2880 curn
1083 2822 1135 2898 iis,
1157 2843 1234 2901 quae

119 2947 199 2990 nunc
231 2928 375 3008 significo.
427 2926 554 2987 Scedula
581 2927 641 2987 ista
671 2928 822 3002 continet,
853 2930 1003 2989 nostrates
1026 2931 1173 2992 militibus
1197 2933 1233 2994 de

118 3058 196 3101 novo
227 3039 277 3099 hio
308 3037 487 3113 conscriptis
516 3036 604 3112 primi
633 3037 744 3096 mensis
772 3037 954 3113 stipendium
979 3037 1133 3098 addixisse.
1175 3039 1233 3101 Sed

117 3169 197 3212 nunc
219 3169 254 3210 ex
275 3149 370 3208 amieo
392 3147 520 3224 quodem
542 3147 678 3228 cognovi,
700 3146 751 3223 qui
771 3146 827 3206 hoo
841 3145 990 3206 intellexit
1003 3145 1041 3205 ab
1056 3165 1099 3221 eo,
1111 3150 1163 3223 qui
1174 3168 1234 3210 una

119 3280 187 3320 cum
208 3259 269 3320 illis
290 3276 399 3318 nomen
419 3256 545 3316 militiae
567 3255 619 3316 isti
640 3256 737 3330 dedit,
758 3274 864 3332 nempe
884 3254 980 3314 eidem
992 3254 1053 3330 illi,
1068 3256 1234 3320 exhibitum

119 3371 209 3432 luisse
235 3372 455 3441 instrumentum,
477 3368 505 3426 ic
526 3387 579 3444 quo
599 3368 689 3425 nostri
705 3367 843 3426 satr'sduct
862 3368 1016 3425 ecolcturos
1029 3367 1234 3443 recreandum

114 3503 169 3558 pro
190 3501 246 3540 cco
265 3480 430 3557 regimento,
452 3487 481 3536 ct
502 3486 616 3548 voeact,
637 3477 687 3534 boe
707 3485 746 3534 est
766 3477 854 3534 decem
873 3477 992 3547 uecitlr's,
1025 3492 1081 3549 que
1103 3476 1151 3536 hic
1171 3478 1233 3553 jem

119 3589 289 3666 conscripta
321 3590 390 3648 sunt
421 3590 488 3647 toto
519 3585 572 3644 illo
604 3587 753 3660 tempore,
785 3602 843 3660 quo
875 3584 935 3644 illis
956 3585 988 3643 in
1008 3587 1108 3662 patrie
1128 3591 1233 3648 nostra

119 3699 302 3760 militabunt.
353 3695 411 3756 Hie
433 3696 491 3755 duc
517 3695 630 3772 cogito,
656 3695 802 3771 primum,
823 3711 885 3752 non
906 3711 969 3754 esse
992 3695 1133 3770 possibile
1154 3696 1233 3757 solos

119 3808 149 3866 id
180 3810 316 3881 nostros,
348 3805 400 3882 qui
430 3805 463 3864 in
489 3805 534 3865 his
556 3804 629 3865 loeis
654 3805 739 3877 sunt,
761 3805 914 3881 praestare
934 3823 1035 3880 posse,
1057 3805 1186 3864 alterum
1207 3783 1234 3866 si

119 3917 263 3993 victoria,
294 3916 374 3994 quod
405 3917 525 3975 evertat
555 3914 651 3986 Deus,
683 3913 856 3990 potientur,
888 3914 1000 3988 nullos,
1022 3914 1079 3973 nisi
1103 3915 1233 3992 reliquos

121 4026 183 4086 sine
211 4024 381 4086 discrimine
407 4024 558 4102 impensas
579 4023 655 4082 istas
679 4023 859 4082 exoluturos.
902 4021 988 4082 Circa
1010 4022 1141 4098 primurn
1162 4041 1233 4102 ergo

120 4105 210 4212 quam
231 4138 364 4196 attentos
384 4153 438 4196 ros
459 4153 523 4194 csse
543 4151 661 4192 neccsse
681 4133 721 4192 sit
742 4150 779 4192 ne
800 4131 838 4191 ab
858 4131 1028 4208 improvisis
1056 4135 1087 4191 et
1106 4132 1232 4193 internis

120 4245 255 4305 hostibus
275 4246 343 4322 plus
363 4244 435 4304 mali
447 4241 621 4321 patiamini,
637 4259 727 4318 quarn
741 4261 759 4301 a
772 4241 901 4316 provisis
915 4243 946 4300 et
959 4240 1103 4315 externis,
1118 4241 1233 4318 magni-

121 4356 194 4416 tudo
225 4355 349 4432 periculi
378 4353 452 4414 setis
481 4370 535 4413 ros
564 4352 645 4428 ipsos
678 4351 827 4410 admonet.
879 4350 929 4410 Ita
959 4351 1051 4410 etiem
1075 4354 1232 4428 procerte

121 4448 346 4540 intelligimus,
362 4463 423 4535 iam
444 4460 555 4520 multos
579 4459 692 4518 milites
712 4458 781 4518 hinc
806 4459 844 4517 ed
872 4476 925 4518 vos
946 4458 978 4517 in
1003 4459 1098 4534 speeie
1120 4478 1233 4520 merea·

123 4573 222 4632 torum
241 4571 442 4644 descendisse,
464 4569 516 4646 qui
538 4569 617 4646 apud
637 4568 773 4627 internos
791 4585 908 4644 quoque
922 4567 1022 4628 hostes
1038 4568 1126 4628 facile
1140 4568 1233 4628 latere
