3020 5360
488 543 529 586 an
551 544 678 586 unsaros
698 544 827 588 rmsmn.
1160 533 1217 593 101

105 705 140 762 et
158 702 283 779 reliquas
308 703 479 778 provincias
510 705 709 780 intervenire,
741 709 776 765 ut
806 705 906 767 minus
935 725 1046 769 nocens
1075 711 1124 770 ¹vel
1143 709 1222 770 forte

104 811 195 872 etiam
224 810 310 870 utilis
341 811 446 874 lutura
465 811 506 872 sit
526 813 565 872 ad
585 815 748 890 utrumque
768 813 932 874 Dominum
953 815 987 875 in
1007 817 1102 878 officio
1123 809 1221 880 conti·

104 920 240 980 nendum.
272 967 275 976 .
292 919 371 992 Quin
401 920 494 981 etiam
522 921 548 980 si
569 921 646 981 serio
667 921 723 982 hoc
743 922 901 1001 negocium
922 924 1003 984 inter
1022 924 1222 988 Alenccninm

108 1031 140 1089 et
153 1028 276 1090 Ordines
295 1031 449 1108 generales
471 1034 597 1112 agatur,
617 1051 679 1092 non
699 1033 786 1094 video
802 1035 950 1110 quomodo
963 1034 1011 1110 id,
1026 1037 1106 1114 quod
1120 1039 1221 1097 actum

105 1138 245 1198 hactenus
276 1143 341 1211 est,
371 1139 404 1199 in
435 1140 529 1199 alium
562 1143 677 1201 statum
697 1141 806 1202 adduci
827 1145 934 1219 queat,
958 1144 1021 1203 sine
1042 1163 1151 1223 magno
1171 1149 1222 1206 tu·

107 1249 202 1308 multu
233 1251 265 1308 et
294 1248 539 1324 perturbatione:
571 1249 629 1309 nisi
658 1249 739 1310 forte·
757 1251 892 1327 reliquae
914 1252 1031 1313 vicinae
1050 1255 1221 1330 provinciae

104 1355 247 1430 judicium
278 1356 458 1418 Hellundiue
489 1358 586 1434 magis
617 1377 709 1435 quam
729 1358 915 1420 Brabantiae
936 1364 967 1421 et
990 1360 1151 1423 Flandriae'
1171 1364 1221 1425 vel

109 1464 253 1525 diversum
275 1465 313 1526 ab
335 1470 463 1543 utroque
488 1466 573 1543 sequi
593 1467 762 1542 voluerint,
784 1471 851 1529 tum
870 1471 1176 1548 justa.conquerendi
1190 1474 1221 1532 et

109 1575 270 1648 opponendi
302 1594 392 1636 causa
424 1580 519 1648 esset,
551 1577 602 1636 sed
634 1577 660 1636 si
692 1583 720 1637 et
747 1577 818 1637 illae
837 1581 873 1638 nt
893 1597 989 1656 nuper
1009 1581 1045 1640 de
1065 1579 1166 1640 Gelria
1189 1581 1221 1640 et

107 1681 240 1759 Trajecto
261 1683 397 1744 intellexi
414 1684 447 1743 in
460 1685 659 1744 Alenccnium
670 1686 889 1761 consenserint,
902 1690 1022 1762 oportet
1031 1691 1068 1748 ut
1077 1707 1138 1748 una
1152 1707 1219 1748 cum

107 1791 169 1851 abis
199 1793 265 1868 ejus
295 1794 375 1870 quod
395 1795 569 1854 conclusum
590 1797 636 1854 est
655 1797 798 1855 eventum
819 1813 838 1854 a
857 1794 922 1856 Deo
943 1797 1095 1873 patienter
1116 1817 1220 1875 expec-

106 1900 214 1974 temus3
245 1900 272 1960 is
301 1901 415 1978 poterit
445 1905 477 1962 et
497 1883 573 1962 berie
597 1906 627 1962 et
652 1903 731 1962 male
755 1903 837 1962 facta
860 1906 967 1964 nostra
989 1906 1028 1964 ad
1049 1923 1134 1966 suem
1156 1909 1221 1984 glo·

104 2006 177 2066 riam
198 2027 380 2088 suorumque
401 2011 530 2071 salutem
552 2011 695 2090 dirigere.
737 2012 802 2072 Hac
823 2013 859 2072 de
879 2031 912 2074 re
932 2013 979 2074 his
1000 2015 1104 2076 diebus
1125 2016 1218 2076 latius

104 2117 139 2176 ad
168 2121 289 2179 nostros
320 2119 434 2198 scripsi.
485 2120 522 2179 ln
541 2138 658 2180 summa
678 2139 789 2199 magna
808 2140 888 2181 nnnc
910 2123 1071 2198 prudentia
1094 2127 1125 2184 et
1146 2143 1217 2184 can·

104 2225 183 2289 tione
205 2245 278 2305 opus
299 2230 364 2301 est,
385 2230 421 2288 ut
442 2227 468 2288 si
488 2227 681 2306 inauguratio
703 2218 901 2306 processerit,
915 2233 1006 2307 pacta
1019 2249 1080 2291 non
1092 2232 1125 2290 in
1140 2251 1220 2294 com·

104 2338 185 2398 muni
207 2339 328 2398 tantum
348 2341 430 2398 recte
451 2338 676 2415 concipiantur,
704 2339 755 2399 sed
777 2342 808 2398 et
828 2340 964 2417 qualibet
984 2340 1140 2417 provincia
1163 2360 1218 2418 pro

105 2464 134 2506 se
155 2465 211 2506 sua
230 2446 325 2521 bona,
342 2447 415 2524 jura
435 2449 467 2507 et
489 2447 648 2526 privilegia
668 2448 809 2508 distincte
830 2449 995 2508 incolumia
1016 2452 1046 2509 et
1060 2451 1145 2510 salva
1160 2449 1218 2510 sibi

10 2605 14 2612 .
104 2555 280 2632 stipuletur,
312 2555 372 2615 imo
405 2555 496 2615 etiam
527 2556 564 2616 de
590 2575 669 2616 novo
690 2557 751 2616 alia
772 2556 830 2616 sibi
848 2557 988 2634 promitti
1009 2557 1116 2631 faciat,
1140 2577 1217 2636 quae

103 2662 246 2725 hactenns
280 2665 319 2724 ad
349 2665 590 2726 incolumitatem
611 2667 643 2725 et
663 2665 791 2725 salutem
812 2685 897 2726 suam
917 2666 1047 2726 defuisse
1071 2667 1127 2727 sibi
1148 2686 1217 2748 cog-

103 2773 237 2850 noverit,
257 2775 306 2836 vel
327 2775 490 2852 inquibus
513 2774 641 2834 nimium
662 2793 681 2834 a
700 2793 769 2852 rege
789 2794 891 2852 pressa
912 2779 944 2835 et
967 2779 1092 2837 onerata
1111 2776 1216 2837 fuerit.

104 2879 201 2944 (lausa
231 2902 322 2961 quam
352 2884 386 2943 in
417 2883 506 2944 initio
527 2884 614 2961 posui
633 2903 680 2944 me
700 2883 840 2961 impulit,
860 2887 896 2944 ut
916 2885 990 2945 baec
1011 2887 1124 2948 advos
1145 2886 1217 2946 scri·

102 2990 216 3068 berem,
250 2995 281 3054 et
310 2996 433 3071 propter
463 2995 587 3055 eandem
608 3012 681 3073 rogo
702 3012 768 3069 vos,
790 2995 827 3052 ut
847 3012 925 3069 quae
943 2993 986 3053 ibi
1007 2997 1138 3072 agantur
1157 2995 1217 3055 sin-

101 3103 179 3179 gulis
199 3103 410 3176 hebdomadis,
441 3103 577 3181 quandiu
596 3104 641 3163 ibi
661 3103 761 3177 eritis,
784 3103 952 3181 significare
972 3104 1047 3163 mibi
1066 3122 1128 3164 non
1148 3123 1217 3182 gra·

102 3213 222 3273 remini.
262 3213 333 3273 Non
361 3214 459 3274 solum
490 3215 570 3291 apud
591 3234 638 3273 me
662 3215 753 3274 erunt
773 3214 835 3273 ista
855 3213 1068 3286 secretissima,
1090 3214 1142 3273 sed
1162 3233 1216 3290 pa·

101 3324 186 3382 ratus
217 3323 308 3384 etiam
330 3342 412 3398 sum,
445 3342 535 3401 super
555 3323 681 3403 singulis
701 3324 833 3401 cogitare
857 3342 1013 3401 meamque
1034 3323 1215 3384 sententiam

102 3433 140 3492 ad
160 3454 212 3508 ea,
233 3436 324 3511 prout
345 3433 491 3493 Dominus
513 3433 643 3507 dederit,
664 3433 753 3494 vobis
767 3433 996 3495 communicare.
1037 3432 1152 3492 Saltem
1165 3451 1215 3492 ro·

102 3567 155 3626 go,
186 3564 224 3606 ne
250 3565 298 3605 me
326 3563 377 3619 ea,
397 3563 486 3621 ,quae
517 3543 587 3605 sciri
607 3547 751 3622 possunt,
779 3544 900 3605 celetis:
922 3543 995 3620 quid
1015 3543 1048 3602 in
1066 3542 1214 3619 introitu,

102 3657 172 3734 quid
193 3655 225 3715 in
247 3653 479 3732 inauguratione
500 3653 527 3714 si
547 3671 582 3714 ea
603 3653 804 3730 subsequatur
824 3655 894 3712 acta
913 3655 1057 3730 gestaque
1070 3651 1193 3713 fuerint.

138 3763 250 3844 Magna
267 3764 301 3824 in
321 3763 527 3842 expectatione
549 3781 667 3837 sumus,
689 3781 748 3839 quo
762 3761 918 3840 negotium
930 3761 1007 3821 illud
1022 3780 1089 3821 cum
1106 3759 1215 3837 Aquis·

101 3873 298 3950 granensibus
329 3875 469 3951 coeptum
498 3872 600 3933 aDeo
632 3871 789 3949 dirigetur.
840 3869 890 3929 An
920 3869 1032 3929 bellum
1060 3868 1214 3948 religionis

100 3971 218 4044 nomine
239 3983 312 4044 olim
333 3985 453 4061 gestum
474 3983 510 4042 de
530 3999 607 4042 novo
628 3980 661 4039 in
682 3979 843 4040 Germania
863 3979 1058 4050 excitabitur,
1090 3977 1117 4037 si
1136 3978 1214 4038 forte

101 4113 135 4154 ex
166 4113 200 4154 eo
231 4093 333 4172 aliqua
363 4091 449 4152 nobis
479 4089 637 4169 respiratio
671 4089 744 4149 oriri
774 4088 896 4165 poterit.
945 4086 1074 4147 Comitia
1099 4087 1215 4146 indicta

101 4207 171 4264 sunt
201 4202 240 4262 ad
273 4202 470 4276 Quasimodo,
490 4199 623 4260 mirabor
641 4217 681 4258 an
702 4198 793 4258 etiam
815 4196 940 4256 Ordines
962 4214 996 4254 eo
1017 4196 1119 4256 vocati
1142 4197 1213 4255 sint.

100 4313 314 4392 Malecontenti
343 4312 502 4372 susurrent
530 4309 592 4383 bic,
623 4307 723 4368 nescio
751 4307 784 4366 in
814 4324 875 4382 qua
905 4306 990 4381 parte
1017 4303 1123 4374 finium
1142 4321 1213 4363 nos-

100 4427 217 4486 trorum
244 4423 281 4483 de
311 4443 363 4502 spe
392 4421 596 4483 munitionum
616 4418 803 4496 quarundam
827 4435 880 4493 per
903 4413 1103 4493 proditionem
1126 4431 1213 4473 occu·
1261 4492 1265 4499 Ι
1297 4457 1300 4461 -

100 4534 319 4612 cupandarnm,
351 4551 461 4612 quaeso
492 4530 547 4591 ubi
580 4529 620 4589 ad
640 4529 800 4628 deputatos
819 4528 939 4586 nostros
961 4521 1155 4599 scripseritis,
1176 4525 1213 4582 ut

101 4644 375 4728 aproditionibus,
406 4642 439 4703 in
470 4641 578 4718 quibus
609 4639 704 4699 solam
735 4635 793 4696 sibi
814 4653 896 4712 spem
917 4632 1080 4710 repositam
1099 4630 1213 4692 babent
