3020 5360
267 405 326 464 134
684 417 966 482 soenrosnnanus.

267 583 319 657 jus
339 582 484 640 hactenus
508 581 631 641 fuerunt
652 580 817 653 sententia,
842 578 946 639 lutura
967 579 1013 637 est
1033 577 1182 655 separatio
1204 580 1235 636 et
1256 577 1387 653 deputa·

270 691 361 750 tionis
395 690 475 762 dies,
515 689 567 767 qui
601 689 770 766 praecipuis
802 687 923 762 Imperii
954 685 1179 758 controuersiis,
1210 686 1320 764 quibus
1351 687 1386 746 in

269 797 399 856 comitiis
423 797 491 856 finis
512 797 627 872 imponi
648 816 709 856 non
731 797 847 873 potuit,
870 794 1040 854 decidendis
1054 795 1222 854 destinatus
1237 797 1299 869 est,
1314 794 1386 853 nul-

268 905 332 963 lum
364 905 500 963 effectum
533 907 747 983 consequetur,
779 922 815 963 ex
847 921 906 981 quo
934 903 1040 962 deinde
1060 922 1121 962 non
1142 904 1202 963 nisi
1222 905 1386 964 seditiones

268 1015 299 1072 et
319 1012 397 1070 bella
417 1013 490 1072 oriri
511 1015 665 1089 poterunt.
718 1012 822 1071 Edidit
842 1029 902 1070 non
922 1011 968 1069 ita
987 1011 1103 1085 pridem
1124 1011 1238 1070 amicus
1258 1011 1384 1089 quidam

269 1122 373 1180 noster
404 1122 605 1196 Propoosticou
636 1120 774 1198 aliquod,
808 1119 857 1178 cui
890 1119 922 1177 in
943 1118 1110 1197 plaerisque
1131 1119 1296 1193 assentior,
1318 1119 1386 1194 ejus

267 1228 391 1288 unicum
410 1229 531 1286 tantum
554 1228 705 1303 exemplar
730 1228 840 1299 habeo,
873 1245 931 1305 quo
957 1245 1036 1284 nunc
1059 1226 1198 1285 omnibus
1217 1227 1260 1285 ibi
1280 1227 1386 1288 amicis

269 1336 441 1394 satistacere
461 1353 560 1411 cogor.
601 1335 800 1406 Quamobrem
828 1335 929 1394 oblato
948 1335 1004 1392 boc
1024 1334 1149 1406 nuncio,
1171 1334 1223 1412 qui
1245 1333 1386 1396 Bremam

269 1443 484 1519 proficiscitur,
517 1442 607 1502 mitto
629 1444 706 1503 illud
729 1445 768 1503 ad
788 1443 998 1502 Bernhardum
1021 1462 1088 1500 num
1109 1443 1225 1514 Boene,
1246 1463 1314 1502 eum
1335 1461 1386 1502 ro-

269 1553 355 1630 gavi,
388 1556 423 1612 ut
454 1554 619 1629 perlectum
651 1553 707 1613 tibi
739 1554 853 1613 mittat.
895 1554 939 1611 Tu
964 1571 1054 1630 porro
1078 1553 1164 1611 dabis
1189 1571 1327 1629 operam,
1348 1557 1386 1613 ut

269 1661 306 1719 ad
334 1662 500 1738 praesidem
526 1662 642 1738 Aysma
669 1662 789 1736 veniat,
821 1662 945 1739 dignum
968 1661 1047 1721 enim
1068 1662 1150 1721 lectu
1170 1664 1225 1720 est.
1266 1663 1387 1721 Nomen

269 1772 401 1830 auctoris
422 1791 527 1833 verum
547 1777 593 1832 eet
614 1774 748 1845 Roeslin,
772 1773 904 1832 medicus
925 1792 961 1830 zu
978 1772 1151 1848 Euganea,
1173 1774 1257 1849 cujus
1271 1773 1340 1849 prot
1372 1807 1387 1818 -

269 1879 361 1939 sionis
382 1899 418 1939 ex
438 1881 566 1940 lectione
587 1881 658 1939 libri
683 1880 771 1941 facile
792 1881 951 1958 intelliges.
1004 1881 1087 1940 Idem
1110 1880 1280 1940 Coloniensi
1301 1899 1387 1956 pros-

268 2007 372 2064 perum
405 2008 574 2050 successum
603 1991 801 2063 vaticinatur,
834 1991 885 2050 sed
906 1991 965 2050 istu
988 2010 1042 2067 pro
1061 1991 1117 2050 bac
1140 1991 1205 2050 vice
1226 1992 1387 2050 sufficiant.

269 2095 342 2156 Sum
375 2098 454 2157 enim
485 2099 523 2157 ob
554 2100 615 2158 alia
636 2100 782 2178 quaedam
804 2100 928 2178 negotia
954 2100 1136 2175 occupatior.
1179 2099 1209 2157 Si
1230 2101 1269 2158 ad
1289 2100 1387 2161 domi-

269 2224 342 2264 nnm
364 2206 479 2283 Aysma
499 2208 668 2284 scripseris,
690 2209 810 2286 rogabis
832 2228 900 2268 eum
924 2210 997 2268 meis
1021 2210 1137 2284 uerbis,
1158 2212 1193 2268 ut
1215 2210 1332 2285 etipse
1355 2213 1388 2269 ct

270 2317 407 2393 deputati
434 2318 531 2377 nostri
564 2322 739 2378 excusatum
771 2338 818 2378 me
839 2318 984 2391 habeant,
1006 2320 1086 2398 quod
1099 2319 1167 2378 ruis
1187 2319 1263 2377 nihil
1283 2339 1386 2378 rerum

268 2443 416 2488 novarum
447 2429 583 2488 scribam.
637 2428 770 2504 Expecto
802 2429 881 2488 enim
901 2432 937 2489 ut
964 2429 1039 2489 oerti
1061 2429 1175 2507 aliquid
1196 2429 1268 2504 ipsis
1289 2427 1385 2504 signi-

268 2535 363 2596 ficem.
415 2537 496 2607 Quae
527 2556 597 2598 vero
619 2536 676 2595 tibi
696 2537 840 2612 hactenus
861 2536 983 2611 scripsi,
1005 2555 1040 2595 ea
1060 2554 1196 2615 quoque,
1218 2537 1244 2595 si
1264 2536 1387 2596 consul-

269 2647 334 2704 tum
355 2644 412 2704 tibi
432 2644 599 2716 videbitur,
630 2643 676 2702 illi
697 2644 917 2703 communicare
937 2644 1060 2720 poteris.
1102 2644 1198 2703 Valde
1223 2646 1384 2721 perplexus

269 2771 337 2812 sum
367 2756 524 2830 postquam
554 2753 709 2814 inviserim
740 2753 890 2827 scidulas,
912 2752 990 2828 quod
1015 2753 1150 2829 proximo
1175 2773 1276 2812 mense
1300 2752 1386 2812 futu-

269 2881 336 2920 rum
356 2866 416 2935 est,
438 2855 473 2922 et
490 2862 636 2922 absolutis
656 2862 815 2936 nundinis,
836 2881 913 2939 quae
937 2863 953 2921 7
976 2861 1058 2938 Sept.
1080 2862 1244 2937 incipiunt,
1267 2880 1307 2920 an
1327 2862 1387 2921 huc

268 2971 383 3046 redire,
414 2990 454 3031 an
484 2991 555 3033 vero
586 2972 645 3030 alio
676 2971 824 3048 proficisci
856 2991 904 3030 me
937 2971 1084 3048 expediat.
1126 2971 1273 3029 Dominus
1296 2970 1387 3030 lesus

269 3097 353 3138 suam
384 3081 458 3139 mihi
489 3082 676 3142 voluntatem
709 3081 827 3158 aperire
860 3081 1009 3158 dignetur.
1061 3081 1098 3141 In
1119 3100 1153 3140 eo
1174 3081 1243 3142 vive
1264 3083 1295 3139 ct
1317 3081 1386 3141 vale

268 3211 336 3252 cum
358 3191 530 3250 charissima
550 3191 677 3268 conjuge
696 3194 728 3250 et
748 3191 868 3263 liberis,
888 3210 963 3267 quos
988 3211 1024 3250 ex
1048 3211 1095 3250 me
1117 3193 1253 3251 amanter
1272 3191 1386 3250 saluta-

267 3301 322 3361 bis.
365 3298 397 3358 Si
417 3298 565 3357 Embdam
587 3297 748 3373 aliquando
770 3299 904 3371 ueneris,
925 3299 1085 3358 admoneas
1108 3318 1216 3375 quaeso
1230 3301 1386 3359 dominum

268 3410 430 3491 Paulinum
460 3408 669 3480 secretarium,
700 3411 736 3466 ut
766 3408 799 3466 in
822 3408 965 3467 nundinis
989 3404 1132 3484 proximis
1154 3409 1292 3468 remittat
1311 3409 1386 3467 mihi

268 3519 381 3594 scripta
400 3517 470 3589 ille,
493 3535 569 3594 quae
591 3517 619 3576 ei
639 3517 874 3593 communicavi,
895 3537 956 3578 non
977 3518 1057 3576 enim
1087 3537 1152 3577 mea
1173 3520 1317 3578 suntsed
1341 3521 1385 3577 al·

268 3626 379 3698 terius,
399 3623 452 3701 qui
473 3643 508 3684 ea
528 3625 646 3700 saepius
663 3625 729 3700 jam
750 3644 768 3684 a
788 3645 835 3685 ms
857 3626 986 3702 repetiit.
1020 3625 1125 3686 Otium
1144 3628 1219 3685 mihi
1240 3628 1385 3700 nonfuit,

267 3737 304 3793 ut
334 3735 398 3811 ipse
430 3735 468 3794 ad
499 3753 568 3794 eum
598 3733 778 3808 scriberem,
809 3736 1033 3812 plurimumque
1063 3754 1132 3794 eum
1164 3754 1229 3795 meo
1263 3737 1385 3796 nomine

269 3845 376 3904 saluta.

310 3952 434 4030 Spirae,
454 3956 492 4013 25
515 3953 588 4014 Maii
611 3951 698 4012 1583.

1041 4061 1123 4124 Tuus
1146 4062 1302 4124 exanimo

1129 4174 1165 4234 A.
1189 4174 1224 4232 A.
