3028 5348
673 448 808 492 AGGABUB
833 449 962 494 annino.

570 622 573 626 ’
670 627 827 672 nuncnune
847 627 977 672 sonans.

1002 789 1095 864 lirin,
1117 788 1135 847 6
1160 787 1229 849 Jan.
1251 788 1338 849 1580.

302 967 385 1078 Haeo
411 967 557 1029 Dominus
585 986 632 1029 mo
667 965 863 1046 singulariter
884 985 938 1028 suo
958 968 1078 1028 nomine
1101 967 1200 1028 voluit
1216 967 1264 1028 his
1287 968 1392 1044 subji-

262 1095 328 1138 cero
339 1079 385 1154 1),
406 1096 444 1137 nc
464 1076 497 1136 in
520 1076 649 1136 aliorum
670 1094 777 1136 manus
800 1075 987 1153 perveniant.

303 1186 454 1246 Fortassis
476 1189 582 1259 erunt,
605 1185 657 1264 qui
680 1203 742 1244 non
762 1184 935 1260 probabunt
957 1204 1005 1244 me
1027 1184 1146 1260 saepius
1157 1184 1391 1259 admonere‚ne

264 1295 448 1374 praesidium
467 1294 525 1354 nisi
545 1295 578 1354 in
602 1313 709 1354 caussa
728 1294 915 1354 necessitatis
936 1294 1081 1370 vobisque
1112 1268 1288 1354 obstrictum
1310 1295 1393 1356 rcci-

265 1404 371 1481 piatis,
394 1404 445 1464 sed
466 1404 560 1463 habeo
582 1423 663 1464 meas
684 1423 822 1478 caussas,·
840 1422 901 1463 una
921 1403 1012 1464 etiam
1027 1404 1289 1480 est,utmojorem
1303 1407 1394 1482 apud

267 1515 348 1576 circs
367 1516 484 1575 vestros
504 1513 536 1573 in
557 1513 625 1572 eliis
645 1512 734 1573 fidem
757 1512 892 1572 habeam.

308 1621 403 1700 Copia
432 1621 712 1696 commendationis,
744 1640 834 1700 quam
866 1621 965 1681 visum
997 1620 1073 1680 mihi
1104 1622 1149 1681 est
1170 1622 1332 1698 separatim
1354 1622 1394 1682 in

266 1731 373 1792 charta
403 1731 505 1810 aliqua
535 1729 649 1803 fucore,
679 1746 717 1789 nc
750 1729 782 1788 in
813 1729 941 1788 aliorum
965 1729 1107 1790 notitiam
1131 1731 1316 1807 perveniret,
1338 1731 1394 1792 hic

265 1841 409 1919 adjuncta
435 1841 490 1900 cst.

307 1949 454 2010 Dominus
484 1945 613 2008 Eussum
645 1947 820 2008 diletionem
851 1966 870 2007 a
897 1969 944 2008 mo
976 1949 1067 2026 petiit
1086 1969 1180 2027 usque
1202 1951 1240 2009 ad
1261 1949 1396 2010 Pascha.

268 2060 393 2122 Utinam
426 2037 540 2136 aliquid
573 2077 680 2135 operae
708 2061 860 2135 praestaro
891 2077 1007 2135 possem
1035 2060 1121 2121 uobis
1141 2061 1173 2120 in
1201 2060 1398 2121 concilianda

269 2169 393 2231 civitate
419 2170 520 2231 vestra
545 2187 613 2228 cum
644 2187 733 2247 agro,
761 2186 822 2228 non
843 2168 1040 2229 detrectarem
1065 2170 1104 2228 ad
1127 2188 1180 2232 vos
1202 2171 1397 2231 descendere.

271 2276 571 2340 meffl

309 2389 411 2448 Unum
431 2387 566 2448 libellum
584 2386 690 2459 mitto,
712 2387 845 2447 caeteros
870 2387 1032 2464 separatim
1053 2407 1114 2448 non
1127 2388 1284 2466 habemus,
1300 2409 1399 2465 quem

271 2519 340 2561 cum
371 2467 533 2576 passionali
558 2497 701 2574 adjuncto
725 2497 928 2558 illustrissimo
950 2497 1069 2558 domino
1091 2499 1156 2574 ejus
1177 2501 1280 2559 offerro
1304 2503 1399 2576 pote-

271 2609 328 2681 ris,
351 2607 377 2667 si
397 2607 448 2666 illc
469 2607 496 2666 ei
520 2607 651 2682 placeat,
674 2605 870 2684 cogitabimus
890 2610 994 2683 postca
1019 2606 1055 2666 do
1076 2607 1151 2669 aliis.

313 2715 397 2778 Alios
420 2717 529 2792 libros,
561 2735 636 2794 quos
664 2716 773 2776 nobilis
797 2717 847 2776 illo
869 2717 961 2794 petit,
985 2735 1038 2776 suo
1059 2719 1192 2794 temporo
1216 2717 1397 2794 mittem,

271 2826 323 2887 sed
344 2845 383 2886 an
403 2826 571 2905 glutinatos
593 2826 640 2888 val
663 2826 751 2887 rudes
773 2826 882 2887 habere
903 2827 1009 2900 malit,
1030 2827 1117 2886 nobis
1141 2827 1317 2905 significato.

312 2936 357 2995 Ex
386 2937 472 2998 novis
503 2955 579 3014 quac
610 2937 696 3014 hodie
728 2937 895 3013 accepimus
918 2958 979 2998 non
1004 2937 1140 2999 videmur
1160 2957 1282 3014 prorsus
1304 2941 1399 3000 extra

271 3054 383 3107 metum
407 3050 438 3108 et
459 3046 625 3124 periculum
645 3046 742 3106 adhuc
763 3047 870 3124 positi,
892 3046 943 3106 sod
967 3046 1095 3106 certiora
1114 3048 1219 3122 postea
1240 3046 1399 3124 significa·

271 3155 325 3229 bo;
346 3154 430 3233 prius
450 3158 552 3216 tamen
572 3155 608 3214 do
634 3153 756 3215 Goldria
778 3175 868 3232 quam
890 3156 926 3215 dc
947 3155 1046 3232 patria
1066 3157 1172 3215 nostra
1193 3158 1304 3215 metuo.

310 3263 418 3326 Manus
443 3265 557 3327 scribac
577 3264 665 3325 istius
687 3283 749 3325 non
772 3266 872 3342 piacet
889 3265 976 3324 inihi.

513 3375 531 3434 6
552 3373 621 3434 Jan.
643 3393 722 3436 anno
748 3374 847 3435 158ομ

268 4342 473 4363 ..φ-ι-

304 4393 329 4456 1)
364 4391 418 4441 Von
443 4390 534 4442 diesem
560 4391 625 4456 Tage
642 4391 703 4456 licgt
720 4406 766 4440 nur
783 4389 823 4439 cin
844 4389 973 4439 deutscher
990 4387 1059 4438 Briei
1075 4404 1123 4438 von
1143 4388 1265 4438 iohannes
1287 4403 1334 4436 von
1357 4387 1398 4438 dc

270 4485 367 4538 Heiden
394 4488 450 4549 (von
467 4485 510 4537 dor
545 4486 631 4551 Heidt)
658 4503 689 4537 an
714 4486 821 4538 Aclreme
849 4500 906 4546 von
922 4485 1014 4549 dicaam
1033 4485 1087 4535 aiud
1104 4484 1143 4534 die
1162 4483 1290 4549 folgenden
1307 4482 1394 4533 Zeilen

273 4582 437 4647 hinrugcfiigt.
