3020 5360
484 492 523 532 nn
545 489 712 532 unrannnos
733 490 860 532 snrsma.
1191 476 1228 533 69

114 649 162 709 40.
395 651 555 724 Nobilibus,
576 652 735 710 cbarissimis
756 661 781 710 ct
803 653 906 710 caimiis
924 651 991 710 uiris
1012 652 1150 728 deputatis
1163 651 1231 710 lta·-

355 760 427 833 sioo,
450 760 565 818 domim
587 769 614 818 ot
632 751 727 818 amun
746 759 804 817 suis
822 759 1000 818 honorandis.

845 935 939 1010 usin,
962 935 1001 994 26
1021 933 1083 994 nai
1105 935 1193 995 1581.

159 1112 282 1174 Domini
312 1116 344 1172 et
375 1112 473 1172 amici.
526 1111 672 1192 Equidem
701 1113 837 1173 amulto
868 1115 1001 1189 tempore
1021 1113 1097 1172 nihil
1116 1115 1155 1174 ad
1179 1131 1234 1174 vos

102 1223 237 1300 scripsi,
259 1225 418 1298 propterea
441 1221 522 1301 quod
545 1240 608 1281 uon
627 1221 687 1282 nisi
708 1241 788 1283 nova
809 1223 955 1301 quaedam
977 1223 1103 1282 subinde
1122 1221 1236 1282 incide·

118 1332 196 1405 rint,
217 1351 293 1412 quae
313 1331 421 1408 putavi
446 1331 519 1390 satis
544 1349 608 1391 esse
632 1331 680 1392 vel
701 1350 844 1409 generoso
865 1330 972 1391 baroni
993 1331 1189 1410 gubernatori
1203 1331 1234 1408 1)

118 1442 168 1500 vel
197 1440 327 1518 praesidi
342 1441 373 1516 2)
400 1442 505 1499 nostro
533 1440 677 1516 privatim
698 1440 882 1518 significare,
904 1440 955 1499 sed
975 1459 1044 1500 oum
1066 1441 1235 1523 intelligam

117 1549 302 1626 generalium
339 1547 487 1608 Ordinum
521 1549 680 1609 consilium
710 1554 741 1609 et
773 1568 950 1610 consensum
971 1550 1008 1609 ad
1035 1549 1235 1610 mutationem

118 1657 226 1732 prioris
255 1656 380 1716 dominii
406 1656 545 1729 tendere,
578 1661 757 1737 nostrosque
778 1657 905 1718 Ordines
926 1659 1068 1736 proximis
1090 1658 1236 1732 comitiis,

119 1768 185 1825 tmn
215 1766 251 1825 de
284 1785 334 1830 ea.
366 1769 433 1826 tum
459 1767 494 1826 de
517 1767 598 1839 aliis,
620 1787 696 1847 quae
717 1769 755 1828 ad
777 1769 905 1829 salutem
926 1770 1043 1844 patriae
1065 1769 1235 1845 pertinent,

120 1875 343 1936 consultaturos
365 1895 444 1951 esse,
465 1877 618 1938 continere
649 1896 778 1938 menon
806 1878 891 1954 potui
898 1920 906 1950 ,
929 1878 1001 1956 quin
1025 1878 1062 1936 de
1082 1878 1235 1938 nonnullis

120 1985 212 2047 amice
236 2003 290 2046 vos
313 1985 512 2046 admonerem.

159 2093 202 2154 Ut
231 2094 362 2155 mutatio
393 2095 448 2154 illa
483 2115 550 2154 cum
570 2095 626 2154 Dei
648 2096 804 2158 voluntate
825 2096 986 2171 conjuncta
1010 2096 1050 2156 sit
1075 2097 1234 2156 exanimo

120 2221 232 2278 precor.
273 2203 343 2262 Non
363 2223 464 2263 meum
486 2207 531 2264 est
551 2204 634 2264 ultra
653 2204 690 2264 de
711 2223 746 2264 ea
769 2205 935 2284 inquirere,
967 2206 1019 2266 sed
1039 2208 1236 2285 posteaquam

121 2312 259 2372 conclusa
293 2314 355 2386 est,
386 2311 517 2371 arbitror
546 2312 705 2389 diligenter
737 2314 920 2374 examinasse
951 2333 1005 2375 vos
1033 2314 1234 2389 conditiones,

121 2419 175 2479 sub
196 2420 306 2500 quibus
325 2420 380 2478 illa
403 2420 468 2479 fieri
493 2419 617 2494 debeat,
639 2439 822 2500 easquevos
845 2423 884 2481 ad
907 2423 1100 2483 necessitates
1122 2427 1152 2483 et
1174 2422 1236 2483 uti·

120 2526 221 2588 litates
246 2527 362 2603 patriae
382 2531 503 2588 nostrae
525 2529 789 2588 accommodasse.¹

160 2637 255 2708 Quam
275 2656 340 2696 rem
360 2637 402 2696 sic
423 2637 577 2716 intelligo,
598 2638 656 2697 etsi
677 2639 862 2701 conditiones
881 2641 951 2700 illae
969 2641 1043 2700 mihi
1064 2642 1235 2722 incognitae

122 2747 194 2820 sint,
215 2746 348 2824 arbitror
368 2749 470 2806 tamen
490 2766 540 2807 eas
563 2767 625 2814 esse
644 2749 693 2808 vel
714 2751 867 2826 generales
889 2770 1119 2831 communesque
1140 2751 1236 2811 onmi-

121 2855 175 2916 bus
207 2856 388 2934 provinciis,
420 2858 468 2918 vel
499 2857 698 2933 particulares
728 2860 760 2916 et
789 2858 927 2934 proprias
949 2861 1092 2938 singulis,
1113 2862 1163 2922 vel
1181 2860 1236 2919 has

123 2965 227 3025 saltem
248 2965 304 3025 sub
328 2967 518 3043 generalibus
540 2966 760 3043 comprehendi.

161 3075 217 3136 Sed
250 3076 299 3136 hic
334 3076 500 3137 cavendum
532 3076 671 3152 inprimis
692 3079 752 3149 est,
784 3093 822 3136 ne
846 3080 950 3152 postea
970 3077 1057 3136 nobis
1082 3079 1146 3137 ulla
1167 3098 1235 3139 cum

123 3188 269 3260 potestate
300 3189 407 3245 nostra
441 3186 645 3248 controversia
675 3185 800 3245 incidat.
872 3186 954 3257 Quae
984 3187 1079 3262 ipsius
1110 3187 1235 3247 dominii

125 3299 211 3356 erunt
231 3297 391 3356 articulate
412 3297 632 3373 exprimantur,
654 3315 730 3373 quae
754 3297 870 3373 patriae
893 3316 1035 3358 mansura
1056 3301 1126 3358 sunt
1147 3297 1236 3358 vicis·

123 3407 177 3466 sim
198 3407 393 3484 excipiantur.
533 3478 537 3483 .

161 3515 297 3593 Exempli
320 3514 437 3593 gratia:
484 3514 696 3576 Ecclesiastioa
727 3516 808 3577 bona
829 3536 848 3576 a
871 3517 1036 3595 majoribus
1055 3516 1182 3590 nostris,
1204 3520 1236 3578 et

122 3643 181 3685 non
210 3625 249 3684 ab
279 3625 342 3686 ullo
371 3608 506 3701 principe
538 3624 668 3684 ecclesiis
695 3627 727 3684 et
747 3625 929 3701 pauperibus
950 3626 1030 3701 apud
1049 3644 1105 3686 nos
1125 3627 1237 3700 collata

123 3737 151 3794 et
175 3733 288 3794 donata
318 3733 455 3806 inerunt,
488 3733 562 3793 haec
586 3751 657 3811 ergo
681 3737 890 3808 aequumst,
921 3753 982 3795 non
1001 3735 1060 3793 alio
1082 3735 1137 3795 sub
1161 3754 1236 3812 quo·

124 3859 239 3918 cunque
260 3846 419 3920 praetextu
442 3843 616 3916 transferri,
637 3843 684 3902 vel
705 3842 739 3902 in
758 3842 849 3901 ullius
873 3843 997 3902 alterius
1018 3843 1172 3903 dominum
1186 3844 1236 3905 vol

122 3953 300 4026 potestatem
322 3951 446 4011 seorsim
467 3950 638 4026 pervenire,
660 3950 711 4009 sed
732 3950 852 4026 integra
872 3949 941 4022 illa,
964 3952 1063 4026 quoad
1081 3953 1146 4026 ejus
1170 3953 1236 4012 fieri

123 4061 247 4136 poterit,
279 4060 337 4137 piis
368 4064 399 4120 et
429 4061 605 4121 necessariis
633 4059 738 4119 usibus
755 4060 872 4136 patriae
895 4061 927 4118 in
948 4063 1127 4136 perpetuum
1147 4080 1236 4139 gone·

122 4170 223 4231 raliter
243 4169 397 4232 reservari.

162 4281 231 4340 Non
255 4282 290 4340 de
311 4281 405 4342 nihilo
424 4281 480 4341 hoc
501 4299 622 4356 moveo,
645 4280 705 4341 scio
734 4280 827 4352 enim,
848 4278 920 4356 quid
940 4278 974 4338 in
994 4277 1155 4340 Germania
1167 4298 1236 4341 eve·
1357 4297 1360 4304 ·

122 4425 323 4440 unu-a*-

154 4503 179 4568 1)
213 4504 320 4556 Aelana
338 4501 463 4554 bomerlst:
483 4502 596 4554 ithuman
607 4464 723 4554 Marcia.

155 4600 179 4664 2)
214 4601 334 4652 Ackeme:
357 4601 387 4654 D.
404 4601 477 4656 Hess.
497 4602 622 4665 nyssena.
