3020 5360
277 479 317 539 96
624 519 642 534 ..
692 490 828 535 1111111
854 489 982 533 suasus.

275 653 455 735 pinguedine
486 651 633 714 Gallinae.
684 650 772 713 Hanc
805 651 902 713 sentio
924 650 1088 728 plurimum
1108 649 1184 710 mihi
1204 650 1320 711 dolores
1341 651 1399 711 im·

277 763 422 826 minuere.
471 763 522 824 Ita
553 763 729 824 consuetum
761 760 911 842 quoddam
941 759 1111 820 balsamum
1132 780 1168 820 11
1193 761 1258 821 aloe
1278 763 1399 823 111111-

276 873 408 934 barbara
428 873 600 934 confectum
631 872 726 932 habeo
750 872 912 932 adomino
940 870 1078 931 Samuele
1102 873 1223 946 nostro,
1247 889 1306 951 quo
1327 890 1401 949 pur·

279 1001 351 1062 gare
376 1002 423 1043 me
445 983 572 1044 subinde
593 982 685 1043 soloe.

320 1091 405 1164 Quod
439 1091 479 1150 ad
508 1109 555 1150 ros
586 1097 653 1150 tuas
684 1089 815 1164 attinet,
846 1088 975 1149 mutatio
1002 1089 1055 1148 illa
1074 1088 1141 1164 jam
1162 1087 1248 1167 quasi
1268 1088 1403 1165 perfecta

282 1200 397 1280 aliquid
418 1199 505 1259 nobis
526 1199 675 1276 paulatim
697 1202 854 1277 suggeret,
876 1199 956 1277 quod
970 1198 1189 1259 conservandae
1204 1200 1294 1277 atque
1309 1198 1402 1258 etiam

283 1309 508 1385 amplificandae
529 1308 661 1368 familiae
683 1310 755 1368 tuae
777 1307 891 1369 serviat
911 1311 942 1368 11
963 1307 1120 1367 conducat.
1161 1305 1255 1384 Perge
1269 1308 1358 1367 modo
1372 1308 1404 1366 in

283 1417 340 1478 Dei
359 1418 467 1477 timore
489 1417 589 1479 111111
611 1420 642 1479 11
662 1435 758 1501 agere.
801 1417 905 1476 Manet
932 1416 1154 1495 Groningenses
1177 1417 1255 1478 forte
1276 1417 1404 1478 inevita-

282 1525 375 1587 tabile
397 1528 609 1588 destructionis
630 1546 700 1588 suae
721 1527 836 1602 fatum,
856 1545 910 1604 pro
934 1547 982 1584 me
1005 1526 1081 1586 nihil
1103 1527 1166 1604 peti
1188 1529 1242 1586 aut
1264 1525 1395 1602 promiti
1496 1561 1497 1572 .

283 1635 362 1696 volo.
402 1635 504 1696 Habes
525 1637 614 1699 breve
637 1635 676 1696 ad
697 1655 799 1696 omnes
819 1636 963 1713 epistolae
991 1638 1062 1695 tuae
1084 1638 1185 1712 partos
1206 1654 1401 1713 responsum,

284 1746 403 1808 Addam
426 1749 548 1807 tantum
568 1765 665 1823 pauca
688 1747 723 1806 da
746 1746 858 1821 scripto
879 1746 942 1805 illo.

327 1854 472 1933 Optarem
493 1875 528 1914 ex
549 1856 649 1915 animo
670 1857 736 1914 tum
758 1855 872 1931 optimo
896 1853 1072 1933 eruditeque
1094 1853 1142 1912 illi
1161 1853 1244 1929 uiro,
1259 1857 1324 1914 tum
1338 1855 1404 1914 aliis

287 1966 315 2026 ei
339 1965 505 2040 similibus,
536 1968 571 2024 ut
603 1965 641 2024 ab
662 1983 698 2024 11
718 1964 906 2042 cognitione,
936 1983 1028 2043 quam
1047 1963 1194 2024 Dominus
1215 1964 1252 2023 iis
1273 1965 1404 2040 praeola-

288 2093 354 2134 ram
388 2093 423 2133 ex
454 2073 604 2149 scriptura
635 2073 731 2145 dedit,
763 2072 910 2148 paulatim
935 2073 973 2131 ad
1004 2091 1071 2132 eam
1099 2073 1307 2146 ascenderent,
1330 2092 1404 2153 quae

289 2182 432 2262 mysterio
455 2182 524 2242 fidei
545 2182 578 2243 in
598 2180 717 2243 Christo
737 2182 875 2260 proprior
899 2184 962 2255 cst,
989 2183 1026 2242 ut
1045 2181 1101 2242 hac
1121 2183 1238 2243 ratione
1259 2183 1405 2260 perspice-

290 2295 359 2354 rent
391 2291 523 2352 oarnalia
554 2292 741 2365 carnalibus,
773 2291 945 2368 spiritualia
959 2281 1035 2353 ’1111
1059 2290 1266 2368 spiritualibus
1289 2310 1405 2368 compa·

290 2403 352 2464 rari
379 2405 410 2463 et
429 2401 573 2480 applicari
594 2404 741 2478 oportere.

332 2516 451 2592 Duplex
482 2531 556 2589 opus
579 2511 637 2571 Dei
662 2514 707 2571 est
734 2510 893 2571 creat-ionis
918 2514 950 2572 et
970 2511 1172 2588 generationis
1194 2513 1277 2589 ejus,
1298 2512 1405 2590 duplex

291 2643 392 2684 rarum
418 2622 490 2681 ordo
511 2623 542 2682 11
562 2619 691 2681 essentia
712 2623 766 2680 est.
807 2619 886 2680 Hinc
908 2620 1001 2680 etiam
1021 2621 1130 2697 duplex
1142 2624 1238 2699 genus
1252 2622 1404 2682 hominum

292 2732 409 2806 existit,
441 2750 517 2812 quae
548 2731 628 2808 apud
658 2733 689 2792 11
719 2749 782 2790 111
808 2749 926 2791 neccsse
947 2734 993 2791 est
1016 2731 1135 2808 longius
1160 2731 1306 2811 persequi.
1349 2729 1404 2790 Sed

292 2861 361 2903 cum
381 2841 418 2901 de
441 2838 659 2918 magistratum
679 2839 796 2918 agitur,
828 2839 855 2899 is
874 2857 936 2899 non
956 2858 1009 2916 per
1030 2857 1060 2898 so
1081 2840 1118 2898 ad
1141 2857 1215 2915 opus
1239 2840 1404 2917 generatio·

291 2952 339 3015 nis
358 2951 431 3027 Dei,
453 2952 501 3013 111
523 2951 561 3011 ad
583 2951 719 3010 ordinem
739 2969 841 3009 rerum
863 2949 1067 3026 spiritualium
1089 2952 1120 3009 et
1141 2952 1404 3028 aeternarumque

291 3061 464 3122 ecclesiast
489 3059 651 3121 Christiani
674 3059 863 3132 referuntur,
887 3059 1034 3136 pertinet,
1057 3059 1108 3118 sed
1130 3059 1169 3118 ad
1191 3047 1265 3136 opus
1280 3060 1405 3120 creatio·

291 3169 347 3244 nis,
373 3171 421 3231 oui
442 3171 557 3232 scilieet
575 3174 606 3230 et
626 3170 714 3230 homo
736 3171 822 3231 vetus
845 3172 876 3228 et
896 3169 1405 3244 111111111111111111111111111
1496 3201 1497 3206 1

292 3285 353 3357 est,
374 3281 585 3357 subjiciuntur.
637 3277 699 3338 Lex
719 3278 843 3358 inquam
864 3277 937 3338 data
958 3280 1005 3336 est
1018 3276 1258 3350 111111111111111,
1274 3280 1404 3354 etprop-

235 3440 239 3446 .
291 3393 339 3450 ter
369 3409 435 3449 earn
464 3389 662 3467 magistratus
696 3386 852 3447 ordinatus
884 3386 1003 3462 existit,
1025 3387 1072 3444 lex
1093 3385 1208 3446 scilicet
1227 3386 1296 3462 illa,
1317 3405 1405 3465 quam
1489 3462 1493 3475 ν

291 3499 404 3558 Paulus
434 3496 584 3556 carnalem
613 3493 766 3568 nominat,
799 3514 875 3571 quae
906 3514 960 3572 per
991 3513 1112 3555 carnem
1134 3496 1182 3556 111
1202 3514 1256 3571 per
1276 3499 1404 3558 veterem

291 3607 441 3670 hominem
463 3610 583 3666 externa
603 3605 789 3667 1111111111.
1222 3667 1226 3674 ,

332 3715 401 3776 Una
421 3715 542 3791 quidem
562 3715 610 3774 lex
632 3717 677 3776 est
698 3733 798 3775 coram
819 3714 899 3788 Deo,
920 3733 1014 3792 aeque
1036 3714 1219 3791 spiritualis,
1241 3716 1293 3775 sed
1307 3733 1405 3776 coram

291 3825 378 3888 nobis
393 3827 395 3832 ’
408 3825 517 3901 duplex
548 3827 595 3884 est
622 3843 663 3884 11
685 3824 798 3901 duplici
818 3824 875 3884 Dei
897 3825 1092 3901 dispositione
1116 3830 1239 3903 propter
1259 3825 1404 3902 duplicem
1494 3871 1495 3875 ,

292 3933 458 4007 homiuem,
478 3935 610 3995 veterem
632 3936 663 3994 et
684 3951 813 4010 novum,
834 3953 896 3993 una
916 3935 1044 3994 carnalis
1067 3937 1113 3996 est
1134 3939 1165 3995 et
1184 3935 1275 3995 habet
1289 3933 1404 3995 cornulo

292 4061 435 4122 regnum,
456 4040 589 4102 carnalia
609 4042 689 4101 bona
709 4040 835 4119 praemii
854 4043 936 4117 loco,
959 4044 1054 4103 altera
1074 4043 1240 4120 spiritualis
1254 4047 1317 4118 est,
1331 4060 1404 4120 quae

293 4170 347 4230 per
368 4149 515 4229 Spiritum
539 4148 709 4228 perficitur,
731 4167 790 4227 quo
818 4154 922 4211 carent
942 4151 1005 4211 alii.
1046 4149 1148 4211 Habet
1172 4150 1329 4228 spirituale
1342 4169 1404 4228 reg·

293 4279 367 4320 num
386 4257 558 4337 spiritualia
577 4258 672 4332 dona,
692 4259 847 4336 vitamque
869 4264 1023 4321 aeternam
1047 4278 1083 4320 ex
1102 4261 1210 4338 gratia.

333 4368 420 4430 Prior
449 4368 607 4429 intellectu
637 4368 768 4428 humano
799 4369 979 4445 percipitur,
1000 4369 1175 4446 viribusque
1196 4368 1335 4430 humanis
1357 4385 1402 4427 ex·
1494 4447 1495 4452 η

294 4481 379 4540 terne
399 4478 500 4554 aliquo
520 4477 608 4536 modo
629 4479 819 4552 praestatur,
846 4478 896 4538 sed
918 4478 1005 4538 cordo
1025 4479 1211 4555 placrunque
1232 4478 1349 4554 impuro
1374 4477 1402 4534 et
1493 4463 1494 4498 ³

294 4588 472 4650 reluctante.
504 4585 783 4665 Quantulacunquo
803 4589 905 4648 tamen
925 4587 990 4663 ejus
1004 4587 1139 4648 executio
1153 4587 1192 4647 ud
1205 4586 1402 4650 conscrvatio-
1493 4668 1494 4676 ἵ
