3020 5360
541 513 583 556 su
603 509 758 557 11111111.
1151 483 1209 556 117

92 677 227 739 umviros
247 675 333 746 illos,
356 674 410 750 qui
431 672 540 733 Hallae
560 673 750 746 subsistunt,
771 671 914 734 videlieet
933 670 1139 733 Meluuensem
1153 673 1215 731 fra-

91 788 171 845 trem
203 783 346 860 principis
380 783 417 842 de
448 782 571 860 Pynoy‚
601 781 753 860 Montigui
774 784 806 842 et
826 781 958 871 Rassiug
982 780 1159 858 perscribit,
1180 799 1213 842 se

94 914 165 955 oum
186 894 250 954 suis
274 893 405 953 artifieio
428 911 482 952 suo
507 892 563 952 hoe
588 891 733 967 effecisse,
755 911 793 951 ne
818 891 957 950 ordinum
983 891 1077 969 legati
1101 885 1213 949 ite'rum

93 1005 132 1063 ad
160 1003 414 1080 Andegavensem
441 1004 682 1076 reverterentur,
703 1001 757 1061 sed
776 1019 824 1060 res
846 1000 884 1059 ad
905 999 1051 1076 populum
1072 999 1211 1074 rejicere-

93 1113 162 1183 tur,
193 1121 221 1172 et
248 1130 354 1172 varum
386 1110 470 1170 dioit.
521 1109 587 1169 Hoc
619 1112 723 1169 autem
749 1108 831 1168 faoto
844 1110 943 1184 'putat
964 1109 1103 1183 optatum
1123 1106 1213 1167 finem

94 1219 180 1280 brevi
201 1221 474 1296 oonsequuturnm3
505 1237 574 1278 oum
606 1217 759 1293 Hispano,
779 1219 816 1276 ut
838 1215 911 1290 sois,
932 1215 1061 1294 transigi
1078 1233 1139 1274 non
1159 1232 1213 1291 po-

94 1330 172 1399 test,
192 1327 251 1387 nisi
272 1346 342 1386 oum
363 1325 478 1386 exoidio
499 1326 655 1404 religionis
669 1328 705 1403 etx
713 1325 908 1385 restitutione
921 1324 1008 1402 regui
1021 1323 1213 1384 Antichristi.

94 1436 160 1496 Hoo
190 1436 286 1513 igitur
312 1435 451 1520 omnipus
477 1434 535 1510 piis
558 1433 755 1510 rejiciendum
779 1451 843 1494 esse
861 1433 979 1509 judioo;
1000 1435 1120 1493 restant
1140 1432 1215 1506 duo,

95 1564 188 1604 unum
208 1547 245 1604 ut
265 1544 378 1604 nostris
402 1543 518 1604 viribus
538 1561 594 1603 nos
614 1542 825 1617 defendamus,
854 1544 984 1602 alterum
1005 1545 1042 1603 ut
1063 1561 1132 1602 eum
1152 1541 1217 1602 An·

94 1654 259 1732 degarense
287 1655 501 1731 transigamus.
542 1652 631 1713 Prius
663 1653 689 1714 si
721 1673 823 1713 rerum
849 1653 1095 1713 circumstantias
1118 1653 1214 1713 oonsi-

14 1829 15 1844 p
97 1763 250 1835 daremus,
272 1763 414 1837 amplecti
437 1780 499 1822 non
519 1779 695 1838 possumus,
715 1761 775 1821 nisi
796 1761 901 1820 statim
915 1760 1060 1836 plurimas
1075 1762 1215 1823 civitates

95 1873 187 1946 atque
209 1870 302 1929 etiam
321 1870 482 1929 nonnullas
502 1870 673 1946 provincias
694 1869 827 1929 hostium
850 1869 1005 1930 voluntati
1019 1888 1212 1946 exponamus

14 2041 15 2050 ¹
93 1979 244 2054 posterius
266 1979 327 2038 tale
351 1981 414 2053 est,
437 1981 472 2038 ut
492 1997 528 2037 ea
547 1980 738 2038 incommoda
759 1997 860 2038 seeum
881 1978 977 2051 ferat,
998 1997 1075 2055 quaa
1095 1981 1131 2038 tu
1144 1999 1213 2055 per·

14 2087 15 2104 ¹
68 2149 71 2155 ,
94 2089 216 2160 soribis;
237 2089 285 2149 ita
305 2092 408 2148 tamen
428 2091 465 2149 ut
484 2089 631 2164 ejusmodi
651 2089 837 2148 conditiones
852 2087 942 2164 adjici
956 2077 1213 2164 possintjquibus

14 2177 15 2244 i
93 2199 145 2260 ille
166 2216 228 2258 non
249 2198 416 2257 reluctetur
437 2202 469 2256 et
490 2198 595 2273 religio
615 2198 724 2257 tutiori
743 2199 825 2270 loeo,
855 2215 946 2274 quam
967 2201 1038 2256 ente
1059 2216 1122 2257 esse
1144 2216 1213 2275 pos-

95 2309 145 2368 sit.
188 2308 270 2368 Haeo
290 2308 386 2386 igitur
405 2309 559 2369 voluntati
580 2308 636 2367 Dei
650 2309 793 2385 permitto
807 2307 951 2383 usquein
963 2325 1025 2366 uno
1039 2307 1213 2383 aoeipiendo

14 2399 15 2434 ³
99 2438 197 2493 neque
221 2419 254 2476 in
275 2419 371 2477 altero
392 2418 559 2494 respuendo
580 2417 670 2477 minis
692 2437 759 2476 sum
773 2417 949 2514 ‘vehemens

134 2528 330 2604 Antwerpia,
351 2529 407 2587 ult.
429 2527 499 2587 Jan.
522 2526 610 2586 1583.

16 3143 17 3180 ³
98 3162 145 3223 uo.
354 3167 529 3243 umnam
549 3167 837 3226 reinmarum
857 3167 973 3226 recrea.

795 3343 890 3420 Kdln,
913 3344 950 3403 15
972 3343 1060 3404 Febr.
1082 3341 1171 3401 1583.

137 3518 283 3581 81111111.
337 3519 393 3580 (lui
414 3521 634 3582 concredideris
655 3521 761 3582 literas
782 3523 853 3582 tuas
877 3521 1002 3581 ultimas
1025 3520 1141 3594 neseio,
1162 3517 1214 3580 sed

98 3629 232 3688 redditae
256 3628 331 3687 mihi
355 3631 428 3689 sunt
451 3607 503 3689 ab¹
518 3631 605 3690 affine
628 3648 695 3690 meo
720 3633 833 3707 tuoque
856 3632 985 3708 aognato
1005 3628 1214 3690 Mosenbrnoh.

98 3737 147 3798 An
166 3757 229 3798 non
250 3741 352 3798 antem
372 3739 457 3816 prius
482 3743 604 3816 apertae
626 3751 656 3801 et
679 3741 776 3801 leotae
798 3740 932 3814 fuerint,
952 3740 1082 3801 multum
1096 3740 1212 3801 dubito.

99 3846 190 3924 cujus
213 3851 353 3924 respectu
378 3852 410 3909 et
430 3849 467 3909 ob
497 3850 573 3910 aliae
594 3850 668 3910 olim
692 3850 796 3912 literas
819 3868 902 3910 meas
925 3851 1108 3926 interceptas
1129 3849 1213 3910 timi·

98 3955 163 4015 dior
184 3958 223 4016 ad
246 3958 436 4018 seribendum
458 3978 525 4019 sum
545 3958 661 4035 faetus,
692 3959 890 4020 nihilominus
911 3960 1064 4021 continere
1084 3979 1132 4019 me
1151 3979 1213 4020 uon

18 4145 19 4152 ἵ
99 4084 239 4141 possum,
271 4067 344 4144 quin
375 4068 414 4127 ad
447 4071 516 4129 tuas
548 4088 645 4145 pauca
676 4070 785 4130 saltem
815 4071 1026 4146 respondeam,
1059 4088 1135 4146 quae
1155 4067 1213 4129 tibi

100 4174 232 4249 prolixae
258 4176 404 4237 orationis
426 4177 492 4239 viee
513 4181 612 4239 amnt.

139 4282 289 4346 Voluntas
309 4285 366 4346 Dei
388 4290 444 4348 aut
463 4276 648 4350 revelationi
671 4291 725 4349 aut
746 4288 904 4365 exscripto
917 4289 1076 4350 Deiverbo
1090 4308 1213 4368 eognos-

100 4391 189 4454 oitur.
228 4393 278 4453 Ad
302 4396 385 4472 prius
416 4396 505 4458 hodie
535 4417 597 4459 non
630 4398 815 4472 attenditur,
846 4416 901 4457 neo
922 4417 976 4474 pro
998 4416 1032 4457 eo
1054 4399 1214 4479 quisquam

101 4504 246 4566 orandum
268 4524 332 4567 esse
353 4507 402 4567 vel
426 4509 529 4583 docet,
551 4510 599 4571 vel
620 4511 726 4586 putat,
748 4509 820 4586 quia
839 4527 902 4569 non
915 4509 1063 4570 eredimus
1076 4511 1212 4577 internas

100 4610 291 4691 loquutiones
311 4619 343 4680 et
365 4619 574 4696 responsiones
596 4637 614 4678 a
634 4619 698 4680 Deo
717 4619 774 4679 hoe
789 4603 931 4696 'tempora
944 4619 1009 4678 fieri
1022 4621 1143 4702 etdari,
1159 4646 1212 4690 seu
