3020 5360
473 605 513 646 rn
534 601 673 646 eirenen
694 601 900 646 crannonem.
1181 583 1238 643 131

119 767 224 828 media
246 766 347 841 aliqua
367 765 514 825 Dominus
536 766 655 838 offerat,
686 737 955 842 quibus⁸nonnihil
978 765 1104 824 amalis
1130 768 1241 828 nostris

117 877 310 954 respiremus.
352 875 517 952 Praecipua
537 876 599 934 irae
621 876 677 934 Dei
698 894 788 935 causa
809 894 871 934 non
893 876 1066 935 attenditur
1080 878 1170 952 atque
1185 875 1239 934 illa

116 985 152 1044 in
176 986 260 1044 nulla
283 983 408 1044 civitate
430 983 543 1061 magis,
579 1002 670 1058 quam
697 983 730 1042 in
752 986 852 1044 vestra
876 983 967 1060 riget.
1008 983 1124 1042 Idcirco
1145 984 1183 1042 ab
1204 1003 1238 1044 eo

117 1095 274 1167 tempore,
306 1110 365 1168 quo
399 1091 538 1151 Danaeus
566 1093 703 1151 libellum
731 1092 826 1151 edidit
851 1091 953 1164 illum,
975 1091 1024 1151 cui
1044 1091 1155 1151 titulus
1177 1096 1238 1152 est:

120 1200 293 1278 »Apologia
330 1200 392 1260 sive
429 1201 595 1260 orthodoxa
631 1201 812 1260 orthodoxae
846 1201 973 1260 Patrum
1006 1201 1172 1260 sentcntiae
1205 1201 1241 1260 de

117 1308 298 1367 adoratione
320 1308 420 1367 caruis
441 1306 554 1368 Christi
578 1309 707 1367 defensio
718 1310 745 1382 ,”
768 1310 963 1370 vehementer
983 1309 1101 1370 civitati
1123 1313 1241 1370 vestrae

116 1419 257 1475 metuere
287 1418 380 1492 coepi.
431 1417 510 1474 Nam
540 1417 662 1475 libellus
691 1418 786 1495 magis
814 1418 928 1494 impius
957 1437 992 1476 ac
1019 1418 1108 1477 rebus
1129 1421 1239 1479 nestris

117 1526 317 1602 pernitiosior
347 1545 503 1602 nunquam
537 1527 636 1585 editus
667 1527 736 1586 fuit.
791 1527 903 1602 Scripsi
932 1529 1037 1586 contra
1059 1529 1240 1587 sententiam

117 1634 218 1710 ipsius
250 1634 481 1710 prolixissimam
512 1634 550 1693 ad
576 1655 644 1695 eum
664 1635 838 1710 epistolam,
868 1635 918 1694 sed
944 1655 1034 1713 quam
1061 1655 1122 1695 nen
1144 1641 1241 1697 trans·

120 1742 209 1816 misi,
230 1743 300 1818 quia
321 1744 414 1818 priori
437 1763 520 1803 meae
543 1745 690 1821 epistolae
705 1746 888 1821 respondere
902 1746 1014 1817 noluit,
1030 1745 1136 1821 scripsi
1150 1747 1242 1805 etiam

122 1851 201 1909 elias
223 1853 367 1927 quasdam
389 1854 428 1911 ad
449 1853 541 1926 alios,
563 1854 595 1913 in
619 1853 727 1930 quibus
751 1873 823 1914 vera
843 1873 934 1914 causa
955 1855 1102 1912 mulorum
1124 1857 1242 1914 nestro-

122 1980 194 2018 rum
217 1961 399 2034 ostenditur,
423 1982 497 2039 quas
520 1964 608 2021 simul
628 1965 754 2038 junctas
775 1965 931 2024 transmisi
953 1965 991 2022 ad
1006 1964 1136 2023 amicum
1149 1983 1241 2039 quen·

123 2070 196 2128 dam
226 2089 340 2141 mcum,
373 2071 473 2130 virum
504 2071 637 2129 nobilem
669 2074 700 2130 et
724 2071 990 2146 jurisconsultum,
1013 2072 1243 2131 Dominicuma

124 2177 307 2252 Burmania,
340 2179 393 2255 qui
423 2198 503 2243 nune
536 2181 721 2256 Antverpiae
753 2181 817 2258 agit
848 2181 879 2238 in
912 2181 1000 2239 domo
1026 2179 1242 2258 Osterlingica,
1281 2215 1288 2224 ·

123 2285 310 2345 domicilium
332 2288 467 2364 alioquin
489 2307 578 2348 suum
598 2307 660 2348 una
679 2309 747 2348 eum
766 2289 940 2366 parentibus
962 2289 1098 2348 Harlemi
1122 2290 1155 2347 in
1169 2289 1243 2348 Hol-

122 2395 229 2454 landia
257 2396 357 2456 habet.
410 2397 496 2467 Quod
528 2398 554 2456 si
584 2399 692 2457 harum
723 2399 880 2457 literarum
914 2399 1060 2458 desiderio
1083 2398 1242 2470 tenemini,

122 2504 269 2580 permitte
288 2505 385 2580 vobis,
406 2511 443 2564 ut
463 2506 532 2566 illas
554 2507 592 2565 ab
616 2526 650 2566 eo
672 2507 800 2583 petatis,
822 2525 891 2566 cum
912 2507 989 2566 sciat
1007 2525 1054 2564 me
1068 2525 1129 2565 nen
1143 2506 1242 2565 occul·

125 2615 195 2672 tare
217 2631 285 2686 cas,
316 2614 367 2671 sed
388 2633 512 2690 cupere,
539 2617 575 2673 ut
594 2615 627 2674 in
649 2615 781 2675 omnium
806 2615 954 2674 bonorum
977 2615 1112 2675 virorum
1133 2633 1241 2674 manus

128 2721 272 2795 veniant,
293 2741 354 2781 non
374 2723 524 2801 gravatim
545 2723 614 2783 illas
635 2724 877 2784 communicabit.
920 2723 978 2783 Sed
1003 2723 1091 2782 redeo
1113 2724 1151 2782 ad
1172 2741 1240 2799 par·

124 2832 269 2892 ticularia
299 2835 361 2891 tua.
416 2831 527 2893 Scribis
558 2834 695 2892 morbum
720 2834 815 2893 videri
834 2835 1047 2906 incurabilem,
1071 2830 1242 2895 veruinast

124 2961 228 3002 coram
249 2945 350 3018 nobis,
373 2945 425 3003 sed
446 2963 547 3004 coram
569 2944 632 3003 Deo
653 2962 700 3002 res
721 2943 809 3020 longe
831 2943 920 3002 aliter
940 2963 971 3002 se
993 2944 1100 3017 habet,
1122 2943 1175 3002 ubi
1189 2944 1240 3005 ille

125 3054 274 3129 inceperit
294 3054 400 3130 majori
425 3073 480 3112 nos
504 3054 570 3112 luce
592 3053 735 3126 invisere,
758 3052 838 3128 quod
860 3056 978 3128 tempus
998 3053 1149 3130 gratiosae
1172 3054 1243 3114 visi-

125 3162 255 3222 tationis
280 3162 391 3238 ipsius,
423 3181 483 3238 qua
505 3161 661 3221 ecclesiam
682 3179 769 3219 suam
791 3160 920 3219 secundo
941 3159 1067 3237 colligat
1088 3163 1119 3219 et
1140 3161 1243 3219 aedifi-

127 3272 292 3334 cabit'non
313 3276 415 3350 procul
437 3274 538 3332 abesse
560 3271 696 3344 videtur,
717 3273 783 3328 tum
806 3272 929 3328 externa
948 3287 1067 3344 quoquc
1095 3269 1244 3329 curabun-

128 3387 191 3443 tur.
233 3384 353 3442 Interea
376 3383 429 3459 qui
451 3385 552 3459 potest
576 3381 734 3442 eonsilium
758 3380 835 3438 illud
858 3379 963 3438 Esaiae
985 3382 1129 3457 sequatur
1155 3382 1191 3455 (c.
1207 3381 1257 3438 26‘

128 3515 160 3555 v.
182 3496 249 3570 20):
275 3493 366 3554 »vade
388 3494 496 3568 popule
515 3493 572 3565 mi,
587 3492 742 3570 ingredere
757 3492 789 3548 11
805 3490 974 3553 cubiculum
996 3493 1084 3549 tuum
1098 3492 1129 3548 et
1142 3491 1246 3548 claude

131 3604 244 3664 ostium
269 3605 355 3661 tuum
388 3606 458 3677 post
489 3605 536 3674 te,
569 3602 688 3677 quiesce
715 3599 890 3676 paululum,
923 3599 1017 3658 donec
1044 3601 1181 3657 transeat
1201 3599 1247 3658 ira

130 3713 218 3772 Dei.'’
251 3703 339 3772 Nunc
353 3716 415 3771 tres
427 3715 527 3788 partes
538 3711 669 3771 civitatis
682 3729 808 3788 magnae
821 3709 1006 3768 dominatum
1016 3708 1137 3766 habent.
1153 3708 1245 3784 Apoc.

135 3822 183 3897 18,
207 3823 243 3881 19
266 3825 297 3881 et
318 3823 356 3880 ad
377 3841 527 3880 summum
545 3824 607 3880 tres
620 3820 731 3896 impuri
746 3821 871 3896 spiritus
886 3819 996 3877 similes
1009 3818 1091 3875 ranis
1106 3836 1248 3892 pervene-

131 3935 222 4006 runt,
244 3932 369 4008 spiritus
379 3909 485 4007 inquit
497 3931 517 3989 J
519 3932 651 3990 ohannes
665 3977 671 4005 ,
686 3930 927 4002 daemoniorum,
942 3929 1063 3986 edentes
1078 3926 1179 4003 signa,
1196 3925 1248 4002 qui

132 4041 246 4100 abeunt
260 4041 298 4099 cd
312 4059 396 4118 reges
413 4050 508 4100 terrae
523 4043 553 4099 ct
568 4041 662 4099 totius
677 4039 798 4111 mundi,
814 4041 850 4097 ut
861 4038 1042 4114 congregent
1054 4053 1103 4094 eos
1114 4035 1151 4092 ad
1163 4053 1248 4110 prae·

133 4149 208 4208 lium
230 4150 332 4228 magni
352 4151 435 4208 illius
449 4149 508 4208 diei
522 4148 578 4207 Dei
594 4148 819 4223 omnipotentis.
842 4147 927 4204 Adde
942 4145 978 4204 ad
994 4147 1100 4203 horum
1114 4144 1248 4202 locorum

133 4258 322 4318 intellectum
355 4259 532 4319 vaticinium
566 4257 671 4316 Esaiae
704 4276 767 4332 cap.
793 4256 846 4320 19.
878 4275 944 4315 cum
978 4272 1037 4331 quo
1067 4253 1250 4313 conveniunt

134 4385 253 4446 quoque
283 4364 375 4425 rerba
402 4363 540 4422 Domini:
572 4363 681 4422 Matth.
704 4362 751 4418 24.
804 4361 908 4436 Pergis
931 4360 1037 4418 deinde
1061 4359 1249 4434 singulorum

134 4477 261 4535 conatus
282 4477 312 4533 e't
332 4473 497 4534 sententias
519 4471 646 4542 referre,
668 4471 718 4529 sed
740 4469 791 4544 qui
813 4469 889 4528 tales
912 4472 999 4542 sunt,
1021 4470 1057 4526 ut
1078 4466 1250 4542 prophetias

132 4583 201 4642 illas
223 4583 415 4654 confirment,
437 4563 512 4640 nihil
536 4582 637 4639 autem
658 4579 891 4653 nosadjuvant.
915 4575 1059 4652 Subjicis:
1075 4593 1177 4634 sumus
1192 4572 1248 4650 igi-

133 4696 187 4752 tur
207 4693 270 4752 sine
292 4692 490 4763 resolutione,
513 4691 593 4766 quod
614 4710 716 4750 verum
741 4691 802 4762 cst,
825 4691 855 4747 et
876 4685 986 4745 erimus
1007 4684 1140 4755 tamdiu,
1157 4683 1249 4742 donce
