<?xml version="1.0" encoding="UTF-8"?>
<!DOCTYPE html PUBLIC "-//W3C//DTD XHTML 1.0 Transitional//EN"
    "http://www.w3.org/TR/xhtml1/DTD/xhtml1-transitional.dtd">
<html xmlns="http://www.w3.org/1999/xhtml" xml:lang="en" lang="en">
 <head>
  <title>
</title>
<meta http-equiv="Content-Type" content="text/html;charset=utf-8" />
  <meta name='ocr-system' content='tesseract 3.04.00' />
  <meta name='ocr-capabilities' content='ocr_page ocr_carea ocr_par ocr_line ocrx_word'/>
</head>
<body>
  <div class='ocr_page' id='page_1' title='image "./briefedesaggaeu00ackegoog_0034.png"; bbox 0 0 3028 5348; ppageno 0'>
   <div class='ocr_carea' id='block_1_1' title="bbox 419 491 1254 572">
    <p class='ocr_par' dir='ltr' id='par_1_1' title="bbox 419 491 1254 572">
     <span class='ocr_line' id='line_1_1' title="bbox 419 491 1254 572; baseline 0.008 -29"><span class='ocrx_word' id='word_1_1' title='bbox 419 497 575 543; x_wconf 83' lang='lat' dir='ltr'><strong>urscuasus</strong></span> <span class='ocrx_word' id='word_1_2' title='bbox 595 497 636 541; x_wconf 76' lang='lat' dir='ltr'><strong>an</strong></span> <span class='ocrx_word' id='word_1_3' title='bbox 657 498 714 542; x_wconf 76' lang='lat' dir='ltr'><strong>sax</strong></span> <span class='ocrx_word' id='word_1_4' title='bbox 735 499 974 547; x_wconf 76' lang='lat' dir='ltr'><strong>concremanda.</strong></span> <span class='ocrx_word' id='word_1_5' title='bbox 1010 565 1012 572; x_wconf 28' lang='grc' dir='ltr'>Ι</span> <span class='ocrx_word' id='word_1_6' title='bbox 1236 491 1254 550; x_wconf 84' lang='grc'>5</span> 
     </span>
    </p>
   </div>
   <div class='ocr_carea' id='block_1_2' title="bbox 133 658 1258 736">
    <p class='ocr_par' dir='ltr' id='par_1_2' title="bbox 133 658 1258 736">
     <span class='ocr_line' id='line_1_2' title="bbox 133 658 1258 736; baseline 0.01 -19"><span class='ocrx_word' id='word_1_7' title='bbox 133 658 272 718; x_wconf 84' lang='lat' dir='ltr'><strong>membra</strong></span> <span class='ocrx_word' id='word_1_8' title='bbox 293 676 349 720; x_wconf 88' lang='lat' dir='ltr'><strong>sua</strong></span> <span class='ocrx_word' id='word_1_9' title='bbox 369 660 442 720; x_wconf 91' lang='lat' dir='ltr'><strong>adeo</strong></span> <span class='ocrx_word' id='word_1_10' title='bbox 463 659 624 720; x_wconf 90' lang='lat' dir='ltr'><strong>crudeliter</strong></span> <span class='ocrx_word' id='word_1_11' title='bbox 644 659 775 736; x_wconf 86' lang='lat' dir='ltr'><strong>saevire,</strong></span> <span class='ocrx_word' id='word_1_12' title='bbox 799 660 880 736; x_wconf 90' lang='lat' dir='ltr'><strong>quod</strong></span> <span class='ocrx_word' id='word_1_13' title='bbox 902 680 964 722; x_wconf 91' lang='lat' dir='ltr'><strong>non</strong></span> <span class='ocrx_word' id='word_1_14' title='bbox 984 665 1071 724; x_wconf 86' lang='lat' dir='ltr'><strong>modo</strong></span> <span class='ocrx_word' id='word_1_15' title='bbox 1092 683 1153 726; x_wconf 92' lang='lat' dir='ltr'><strong>ncn</strong></span> <span class='ocrx_word' id='word_1_16' title='bbox 1172 686 1258 728; x_wconf 88' lang='lat' dir='ltr'><strong>cura·</strong></span> 
     </span>
    </p>
   </div>
   <div class='ocr_carea' id='block_1_3' title="bbox 127 768 1257 2702">
    <p class='ocr_par' dir='ltr' id='par_1_3' title="bbox 132 768 1257 1282">
     <span class='ocr_line' id='line_1_3' title="bbox 133 768 1257 847; baseline 0.007 -18"><span class='ocrx_word' id='word_1_17' title='bbox 133 769 238 829; x_wconf 87' lang='lat' dir='ltr'><strong>verint</strong></span> <span class='ocrx_word' id='word_1_18' title='bbox 266 768 492 846; x_wconf 76' lang='lat' dir='ltr'><strong>indagationem</strong></span> <span class='ocrx_word' id='word_1_19' title='bbox 523 768 656 845; x_wconf 82' lang='lat' dir='ltr'><strong>aliquam</strong></span> <span class='ocrx_word' id='word_1_20' title='bbox 688 769 723 828; x_wconf 89' lang='lat' dir='ltr'><strong>de</strong></span> <span class='ocrx_word' id='word_1_21' title='bbox 748 770 803 830; x_wconf 94' lang='lat' dir='ltr'><strong>hoc</strong></span> <span class='ocrx_word' id='word_1_22' title='bbox 823 769 944 847; x_wconf 83' lang='lat' dir='ltr'><strong>negotio</strong></span> <span class='ocrx_word' id='word_1_23' title='bbox 965 770 1045 846; x_wconf 88' lang='lat' dir='ltr'><strong>fieri,</strong></span> <span class='ocrx_word' id='word_1_24' title='bbox 1067 773 1118 832; x_wconf 81' lang='lat' dir='ltr'><strong>sed</strong></span> <span class='ocrx_word' id='word_1_25' title='bbox 1139 792 1257 838; x_wconf 90' lang='lat' dir='ltr'><strong>omnem</strong></span> 
     </span>
     <span class='ocr_line' id='line_1_4' title="bbox 133 877 1257 957; baseline 0.008 -20"><span class='ocrx_word' id='word_1_26' title='bbox 133 877 230 937; x_wconf 87' lang='lat' dir='ltr'><strong>ctiam</strong></span> <span class='ocrx_word' id='word_1_27' title='bbox 260 877 499 938; x_wconf 76' lang='lat' dir='ltr'><strong>benevolentiam</strong></span> <span class='ocrx_word' id='word_1_28' title='bbox 530 881 562 938; x_wconf 89' lang='lat' dir='ltr'><strong>ct</strong></span> <span class='ocrx_word' id='word_1_29' title='bbox 592 878 813 938; x_wconf 85' lang='lat' dir='ltr'><strong>humanitatem</strong></span> <span class='ocrx_word' id='word_1_30' title='bbox 844 897 915 957; x_wconf 84' lang='lat' dir='ltr'><strong>erga</strong></span> <span class='ocrx_word' id='word_1_31' title='bbox 945 898 995 940; x_wconf 86' lang='lat' dir='ltr'><strong>coe</strong></span> <span class='ocrx_word' id='word_1_32' title='bbox 1015 882 1164 957; x_wconf 76' lang='lat' dir='ltr'><strong>exuerint,</strong></span> <span class='ocrx_word' id='word_1_33' title='bbox 1189 904 1257 946; x_wconf 92' lang='lat' dir='ltr'><strong>cum</strong></span> 
     </span>
     <span class='ocr_line' id='line_1_5' title="bbox 132 987 1256 1066; baseline 0.006 -19"><span class='ocrx_word' id='word_1_34' title='bbox 132 988 270 1066; x_wconf 87' lang='lat' dir='ltr'><strong>plerique</strong></span> <span class='ocrx_word' id='word_1_35' title='bbox 291 989 394 1047; x_wconf 88' lang='lat' dir='ltr'><strong>tamen</strong></span> <span class='ocrx_word' id='word_1_36' title='bbox 417 987 530 1048; x_wconf 88' lang='lat' dir='ltr'><strong>scirent</strong></span> <span class='ocrx_word' id='word_1_37' title='bbox 557 991 587 1048; x_wconf 90' lang='lat' dir='ltr'><strong>et</strong></span> <span class='ocrx_word' id='word_1_38' title='bbox 608 988 722 1065; x_wconf 85' lang='lat' dir='ltr'><strong>passim</strong></span> <span class='ocrx_word' id='word_1_39' title='bbox 743 987 914 1048; x_wconf 85' lang='lat' dir='ltr'><strong>faterentur</strong></span> <span class='ocrx_word' id='word_1_40' title='bbox 935 989 1089 1065; x_wconf 87' lang='lat' dir='ltr'><strong>homines,</strong></span> <span class='ocrx_word' id='word_1_41' title='bbox 1115 992 1167 1066; x_wconf 92' lang='lat' dir='ltr'><strong>qui</strong></span> <span class='ocrx_word' id='word_1_42' title='bbox 1187 991 1256 1054; x_wconf 61' lang='lat' dir='ltr'><strong>rcliss</strong></span> 
     </span>
     <span class='ocr_line' id='line_1_6' title="bbox 132 1095 1255 1176; baseline 0.004 -18"><span class='ocrx_word' id='word_1_43' title='bbox 132 1097 232 1176; x_wconf 84' lang='lat' dir='ltr'><strong>gicnis</strong></span> <span class='ocrx_word' id='word_1_44' title='bbox 251 1097 371 1157; x_wconf 68' lang='lat' dir='ltr'><strong>nostine</strong></span> <span class='ocrx_word' id='word_1_45' title='bbox 393 1098 433 1156; x_wconf 88' lang='lat' dir='ltr'><strong>ad</strong></span> <span class='ocrx_word' id='word_1_46' title='bbox 454 1097 602 1174; x_wconf 88' lang='lat' dir='ltr'><strong>supplicia</strong></span> <span class='ocrx_word' id='word_1_47' title='bbox 623 1096 823 1170; x_wconf 83' lang='lat' dir='ltr'><strong>ducerentur,</strong></span> <span class='ocrx_word' id='word_1_48' title='bbox 844 1095 996 1158; x_wconf 77' lang='lat' dir='ltr'><strong>Christum</strong></span> <span class='ocrx_word' id='word_1_49' title='bbox 1018 1099 1152 1175; x_wconf 84' lang='lat' dir='ltr'><strong>profiteri</strong></span> <span class='ocrx_word' id='word_1_50' title='bbox 1165 1104 1196 1162; x_wconf 93' lang='lat' dir='ltr'><strong>ct</strong></span> <span class='ocrx_word' id='word_1_51' title='bbox 1209 1102 1255 1164; x_wconf 90' lang='lat' dir='ltr'><strong>in-</strong></span> 
     </span>
     <span class='ocr_line' id='line_1_7' title="bbox 132 1206 384 1282; baseline 0 -16"><span class='ocrx_word' id='word_1_52' title='bbox 132 1207 254 1282; x_wconf 88' lang='lat' dir='ltr'><strong>culpate</strong></span> <span class='ocrx_word' id='word_1_53' title='bbox 274 1206 384 1268; x_wconf 86' lang='lat' dir='ltr'><strong>vivere.</strong></span> 
     </span>
    </p>

    <p class='ocr_par' dir='ltr' id='par_1_4' title="bbox 129 1313 1256 1824">
     <span class='ocr_line' id='line_1_8' title="bbox 175 1313 1256 1396; baseline 0.006 -23"><span class='ocrx_word' id='word_1_54' title='bbox 175 1315 211 1374; x_wconf 92' lang='lat' dir='ltr'><strong>In</strong></span> <span class='ocrx_word' id='word_1_55' title='bbox 233 1315 335 1376; x_wconf 84' lang='lat' dir='ltr'><strong>codem</strong></span> <span class='ocrx_word' id='word_1_56' title='bbox 357 1315 434 1374; x_wconf 88' lang='lat' dir='ltr'><strong>vicio</strong></span> <span class='ocrx_word' id='word_1_57' title='bbox 455 1317 487 1374; x_wconf 89' lang='lat' dir='ltr'><strong>et</strong></span> <span class='ocrx_word' id='word_1_58' title='bbox 509 1314 618 1375; x_wconf 89' lang='lat' dir='ltr'><strong>delicto</strong></span> <span class='ocrx_word' id='word_1_59' title='bbox 640 1313 838 1375; x_wconf 87' lang='lat' dir='ltr'><strong>cummuniter</strong></span> <span class='ocrx_word' id='word_1_60' title='bbox 858 1315 950 1376; x_wconf 86' lang='lat' dir='ltr'><strong>etiam</strong></span> <span class='ocrx_word' id='word_1_61' title='bbox 965 1317 1108 1392; x_wconf 86' lang='lat' dir='ltr'><strong>populus,</strong></span> <span class='ocrx_word' id='word_1_62' title='bbox 1122 1337 1256 1396; x_wconf 85' lang='lat' dir='ltr'><strong>praescr·</strong></span> 
     </span>
     <span class='ocr_line' id='line_1_9' title="bbox 132 1421 1256 1504; baseline 0.006 -22"><span class='ocrx_word' id='word_1_63' title='bbox 132 1424 191 1482; x_wconf 89' lang='lat' dir='ltr'><strong>tim</strong></span> <span class='ocrx_word' id='word_1_64' title='bbox 222 1421 335 1482; x_wconf 87' lang='lat' dir='ltr'><strong>nobiles</strong></span> <span class='ocrx_word' id='word_1_65' title='bbox 366 1425 398 1482; x_wconf 91' lang='lat' dir='ltr'><strong>et</strong></span> <span class='ocrx_word' id='word_1_66' title='bbox 427 1422 586 1500; x_wconf 83' lang='lat' dir='ltr'><strong>optimates</strong></span> <span class='ocrx_word' id='word_1_67' title='bbox 617 1422 755 1498; x_wconf 81' lang='lat' dir='ltr'><strong>luerunt,</strong></span> <span class='ocrx_word' id='word_1_68' title='bbox 787 1423 839 1500; x_wconf 91' lang='lat' dir='ltr'><strong>qui</strong></span> <span class='ocrx_word' id='word_1_69' title='bbox 870 1427 901 1483; x_wconf 95' lang='lat' dir='ltr'><strong>et</strong></span> <span class='ocrx_word' id='word_1_70' title='bbox 932 1425 1079 1501; x_wconf 88' lang='lat' dir='ltr'><strong>supplicia</strong></span> <span class='ocrx_word' id='word_1_71' title='bbox 1110 1428 1171 1488; x_wconf 85' lang='lat' dir='ltr'><strong>ista</strong></span> <span class='ocrx_word' id='word_1_72' title='bbox 1202 1447 1256 1504; x_wconf 84' lang='lat' dir='ltr'><strong>ap·</strong></span> 
     </span>
     <span class='ocr_line' id='line_1_10' title="bbox 129 1529 1254 1610; baseline 0.008 -21"><span class='ocrx_word' id='word_1_73' title='bbox 129 1529 300 1608; x_wconf 85' lang='lat' dir='ltr'><strong>probarunt</strong></span> <span class='ocrx_word' id='word_1_74' title='bbox 327 1533 358 1591; x_wconf 90' lang='lat' dir='ltr'><strong>et</strong></span> <span class='ocrx_word' id='word_1_75' title='bbox 373 1532 442 1607; x_wconf 88' lang='lat' dir='ltr'><strong>jure</strong></span> <span class='ocrx_word' id='word_1_76' title='bbox 464 1549 531 1590; x_wconf 91' lang='lat' dir='ltr'><strong>cum</strong></span> <span class='ocrx_word' id='word_1_77' title='bbox 553 1530 591 1590; x_wconf 88' lang='lat' dir='ltr'><strong>iis</strong></span> <span class='ocrx_word' id='word_1_78' title='bbox 612 1532 662 1608; x_wconf 84' lang='lat' dir='ltr'><strong>agi</strong></span> <span class='ocrx_word' id='word_1_79' title='bbox 686 1531 907 1594; x_wconf 88' lang='lat' dir='ltr'><strong>existimarunt.</strong></span> <span class='ocrx_word' id='word_1_80' title='bbox 950 1532 1086 1610; x_wconf 88' lang='lat' dir='ltr'><strong>Denique</strong></span> <span class='ocrx_word' id='word_1_81' title='bbox 1114 1536 1254 1598; x_wconf 87' lang='lat' dir='ltr'><strong>authores</strong></span> 
     </span>
     <span class='ocr_line' id='line_1_11' title="bbox 130 1638 1255 1723; baseline 0.007 -25"><span class='ocrx_word' id='word_1_82' title='bbox 130 1642 165 1698; x_wconf 91' lang='lat' dir='ltr'><strong>et</strong></span> <span class='ocrx_word' id='word_1_83' title='bbox 184 1638 378 1699; x_wconf 82' lang='lat' dir='ltr'><strong>fabricatores</strong></span> <span class='ocrx_word' id='word_1_84' title='bbox 402 1638 531 1700; x_wconf 83' lang='lat' dir='ltr'><strong>istorum</strong></span> <span class='ocrx_word' id='word_1_85' title='bbox 556 1640 772 1717; x_wconf 78' lang='lat' dir='ltr'><strong>suppliciorum</strong></span> <span class='ocrx_word' id='word_1_86' title='bbox 797 1641 934 1702; x_wconf 86' lang='lat' dir='ltr'><strong>doctores</strong></span> <span class='ocrx_word' id='word_1_87' title='bbox 958 1645 989 1704; x_wconf 92' lang='lat' dir='ltr'><strong>ct</strong></span> <span class='ocrx_word' id='word_1_88' title='bbox 1012 1644 1180 1705; x_wconf 79' lang='lat' dir='ltr'><strong>sacerdotes</strong></span> <span class='ocrx_word' id='word_1_89' title='bbox 1201 1664 1255 1723; x_wconf 91' lang='lat' dir='ltr'><strong>po·</strong></span> 
     </span>
     <span class='ocr_line' id='line_1_12' title="bbox 129 1747 393 1824; baseline 0.011 -19"><span class='ocrx_word' id='word_1_90' title='bbox 129 1747 196 1824; x_wconf 89' lang='lat' dir='ltr'><strong>puli</strong></span> <span class='ocrx_word' id='word_1_91' title='bbox 219 1748 393 1809; x_wconf 84' lang='lat' dir='ltr'><strong>extiterunt.</strong></span> 
     </span>
    </p>

    <p class='ocr_par' dir='ltr' id='par_1_5' title="bbox 127 1839 1253 2483">
     <span class='ocr_line' id='line_1_13' title="bbox 170 1839 1252 1939; baseline 0.007 -23"><span class='ocrx_word' id='word_1_92' title='bbox 170 1839 220 1916; x_wconf 75' lang='lat' dir='ltr'><strong>Aa</strong></span> <span class='ocrx_word' id='word_1_93' title='bbox 248 1859 313 1916; x_wconf 77' lang='lat' dir='ltr'><strong>haec</strong></span> <span class='ocrx_word' id='word_1_94' title='bbox 344 1859 465 1934; x_wconf 80' lang='lat' dir='ltr'><strong>defensio</strong></span> <span class='ocrx_word' id='word_1_95' title='bbox 486 1858 656 1917; x_wconf 80' lang='lat' dir='ltr'><strong>subditorum</strong></span> <span class='ocrx_word' id='word_1_96' title='bbox 677 1859 718 1915; x_wconf 87' lang='lat' dir='ltr'><strong>cd</strong></span> <span class='ocrx_word' id='word_1_97' title='bbox 741 1857 857 1917; x_wconf 80' lang='lat' dir='ltr'><strong>Ordines</strong></span> <span class='ocrx_word' id='word_1_98' title='bbox 878 1868 903 1918; x_wconf 79' lang='lat' dir='ltr'><strong>et</strong></span> <span class='ocrx_word' id='word_1_99' title='bbox 918 1863 1053 1937; x_wconf 80' lang='lat' dir='ltr'><strong>populum</strong></span> <span class='ocrx_word' id='word_1_100' title='bbox 1068 1864 1252 1939; x_wconf 63' lang='lat' dir='ltr'><strong>parturierit,</strong></span> 
     </span>
     <span class='ocr_line' id='line_1_14' title="bbox 127 1966 1253 2050; baseline 0.006 -23"><span class='ocrx_word' id='word_1_101' title='bbox 127 1985 192 2027; x_wconf 91' lang='lat' dir='ltr'><strong>non</strong></span> <span class='ocrx_word' id='word_1_102' title='bbox 212 1986 287 2044; x_wconf 88' lang='lat' dir='ltr'><strong>opus</strong></span> <span class='ocrx_word' id='word_1_103' title='bbox 307 1966 399 2027; x_wconf 88' lang='lat' dir='ltr'><strong>habet</strong></span> <span class='ocrx_word' id='word_1_104' title='bbox 419 1967 483 2026; x_wconf 90' lang='lat' dir='ltr'><strong>ulla</strong></span> <span class='ocrx_word' id='word_1_105' title='bbox 505 1967 565 2026; x_wconf 80' lang='lat' dir='ltr'><strong>elia</strong></span> <span class='ocrx_word' id='word_1_106' title='bbox 584 1966 778 2044; x_wconf 88' lang='lat' dir='ltr'><strong>probatione,</strong></span> <span class='ocrx_word' id='word_1_107' title='bbox 801 1985 892 2044; x_wconf 88' lang='lat' dir='ltr'><strong>quam</strong></span> <span class='ocrx_word' id='word_1_108' title='bbox 912 1985 1015 2028; x_wconf 90' lang='lat' dir='ltr'><strong>corum</strong></span> <span class='ocrx_word' id='word_1_109' title='bbox 1036 1968 1253 2050; x_wconf 81' lang='lat' dir='ltr'><strong>observatione,</strong></span> 
     </span>
     <span class='ocr_line' id='line_1_15' title="bbox 127 2074 1252 2162; baseline 0.01 -27"><span class='ocrx_word' id='word_1_110' title='bbox 127 2095 206 2152; x_wconf 88' lang='lat' dir='ltr'><strong>quae</strong></span> <span class='ocrx_word' id='word_1_111' title='bbox 236 2095 315 2137; x_wconf 90' lang='lat' dir='ltr'><strong>nunc</strong></span> <span class='ocrx_word' id='word_1_112' title='bbox 345 2096 399 2153; x_wconf 83' lang='lat' dir='ltr'><strong>per</strong></span> <span class='ocrx_word' id='word_1_113' title='bbox 430 2074 557 2137; x_wconf 85' lang='lat' dir='ltr'><strong>Ordines</strong></span> <span class='ocrx_word' id='word_1_114' title='bbox 591 2077 669 2136; x_wconf 91' lang='lat' dir='ltr'><strong>fiunt</strong></span> <span class='ocrx_word' id='word_1_115' title='bbox 697 2079 728 2136; x_wconf 90' lang='lat' dir='ltr'><strong>et</strong></span> <span class='ocrx_word' id='word_1_116' title='bbox 749 2077 959 2138; x_wconf 88' lang='lat' dir='ltr'><strong>decernuntur.</strong></span> <span class='ocrx_word' id='word_1_117' title='bbox 1001 2077 1033 2138; x_wconf 83' lang='lat' dir='ltr'><strong>Si</strong></span> <span class='ocrx_word' id='word_1_118' title='bbox 1053 2082 1155 2142; x_wconf 85' lang='lat' dir='ltr'><strong>tamen</strong></span> <span class='ocrx_word' id='word_1_119' title='bbox 1176 2101 1252 2162; x_wconf 84' lang='lat' dir='ltr'><strong>opus</strong></span> 
     </span>
     <span class='ocr_line' id='line_1_16' title="bbox 128 2186 1252 2263; baseline 0.006 -18"><span class='ocrx_word' id='word_1_120' title='bbox 128 2189 193 2258; x_wconf 88' lang='lat' dir='ltr'><strong>cst,</strong></span> <span class='ocrx_word' id='word_1_121' title='bbox 216 2187 386 2261; x_wconf 74' lang='lat' dir='ltr'><strong>firmassimis</strong></span> <span class='ocrx_word' id='word_1_122' title='bbox 417 2188 583 2263; x_wconf 72' lang='lat' dir='ltr'><strong>arpameateb</strong></span> <span class='ocrx_word' id='word_1_123' title='bbox 615 2186 708 2244; x_wconf 84' lang='lat' dir='ltr'><strong>doceri</strong></span> <span class='ocrx_word' id='word_1_124' title='bbox 723 2188 844 2262; x_wconf 79' lang='lat' dir='ltr'><strong>poterit,</strong></span> <span class='ocrx_word' id='word_1_125' title='bbox 872 2189 948 2263; x_wconf 82' lang='lat' dir='ltr'><strong>quud</strong></span> <span class='ocrx_word' id='word_1_126' title='bbox 968 2190 1034 2248; x_wconf 81' lang='lat' dir='ltr'><strong>laec</strong></span> <span class='ocrx_word' id='word_1_127' title='bbox 1054 2192 1207 2251; x_wconf 78' lang='lat' dir='ltr'><strong>auctoritas</strong></span> <span class='ocrx_word' id='word_1_128' title='bbox 1227 2205 1252 2253; x_wconf 83' lang='lat' dir='ltr'><strong>et</strong></span> 
     </span>
     <span class='ocr_line' id='line_1_17' title="bbox 127 2295 1252 2378; baseline 0.01 -25"><span class='ocrx_word' id='word_1_129' title='bbox 127 2296 282 2354; x_wconf 70' lang='lat' dir='ltr'><strong>cistercesse&#39;o</strong></span> <span class='ocrx_word' id='word_1_130' title='bbox 316 2297 396 2372; x_wconf 81' lang='lat' dir='ltr'><strong>apud</strong></span> <span class='ocrx_word' id='word_1_131' title='bbox 428 2295 546 2356; x_wconf 81' lang='lat' dir='ltr'><strong>Ordines</strong></span> <span class='ocrx_word' id='word_1_132' title='bbox 580 2305 605 2353; x_wconf 84' lang='lat' dir='ltr'><strong>et</strong></span> <span class='ocrx_word' id='word_1_133' title='bbox 629 2297 766 2371; x_wconf 78' lang='lat' dir='ltr'><strong>poptdem</strong></span> <span class='ocrx_word' id='word_1_134' title='bbox 795 2298 895 2371; x_wconf 72' lang='lat' dir='ltr'><strong>fueret,</strong></span> <span class='ocrx_word' id='word_1_135' title='bbox 924 2299 955 2356; x_wconf 91' lang='lat' dir='ltr'><strong>ct</strong></span> <span class='ocrx_word' id='word_1_136' title='bbox 975 2299 1055 2374; x_wconf 93' lang='lat' dir='ltr'><strong>quod</strong></span> <span class='ocrx_word' id='word_1_137' title='bbox 1078 2299 1252 2378; x_wconf 83' lang='lat' dir='ltr'><strong>impiissime</strong></span> 
     </span>
     <span class='ocr_line' id='line_1_18' title="bbox 132 2404 1171 2483; baseline 0.004 -17"><span class='ocrx_word' id='word_1_138' title='bbox 132 2405 268 2482; x_wconf 84' lang='lat' dir='ltr'><strong>theologi</strong></span> <span class='ocrx_word' id='word_1_139' title='bbox 287 2405 430 2479; x_wconf 87' lang='lat' dir='ltr'><strong>fecerint,</strong></span> <span class='ocrx_word' id='word_1_140' title='bbox 458 2405 510 2481; x_wconf 93' lang='lat' dir='ltr'><strong>qui</strong></span> <span class='ocrx_word' id='word_1_141' title='bbox 530 2404 592 2464; x_wconf 87' lang='lat' dir='ltr'><strong>tale</strong></span> <span class='ocrx_word' id='word_1_142' title='bbox 619 2404 780 2463; x_wconf 90' lang='lat' dir='ltr'><strong>consilium</strong></span> <span class='ocrx_word' id='word_1_143' title='bbox 806 2406 1001 2483; x_wconf 85' lang='lat' dir='ltr'><strong>magistratui</strong></span> <span class='ocrx_word' id='word_1_144' title='bbox 1025 2407 1171 2471; x_wconf 88' lang='lat' dir='ltr'><strong>dederint.</strong></span> 
     </span>
    </p>

    <p class='ocr_par' dir='ltr' id='par_1_6' title="bbox 130 2513 1251 2702">
     <span class='ocr_line' id='line_1_19' title="bbox 169 2513 1251 2596; baseline 0.006 -23"><span class='ocrx_word' id='word_1_145' title='bbox 169 2513 226 2573; x_wconf 89' lang='lat' dir='ltr'><strong>Hie</strong></span> <span class='ocrx_word' id='word_1_146' title='bbox 248 2513 291 2574; x_wconf 90' lang='lat' dir='ltr'><strong>ila</strong></span> <span class='ocrx_word' id='word_1_147' title='bbox 313 2514 453 2592; x_wconf 86' lang='lat' dir='ltr'><strong>expositis</strong></span> <span class='ocrx_word' id='word_1_148' title='bbox 473 2515 562 2575; x_wconf 85' lang='lat' dir='ltr'><strong>venio</strong></span> <span class='ocrx_word' id='word_1_149' title='bbox 587 2515 627 2574; x_wconf 71' lang='lat' dir='ltr'><strong>acl</strong></span> <span class='ocrx_word' id='word_1_150' title='bbox 651 2532 702 2589; x_wconf 90' lang='lat' dir='ltr'><strong>ea,</strong></span> <span class='ocrx_word' id='word_1_151' title='bbox 724 2533 800 2590; x_wconf 86' lang='lat' dir='ltr'><strong>quae</strong></span> <span class='ocrx_word' id='word_1_152' title='bbox 821 2518 890 2590; x_wconf 88' lang='lat' dir='ltr'><strong>post</strong></span> <span class='ocrx_word' id='word_1_153' title='bbox 911 2516 942 2575; x_wconf 89' lang='lat' dir='ltr'><strong>id</strong></span> <span class='ocrx_word' id='word_1_154' title='bbox 963 2518 1081 2595; x_wconf 87' lang='lat' dir='ltr'><strong>tempus</strong></span> <span class='ocrx_word' id='word_1_155' title='bbox 1102 2520 1182 2596; x_wconf 88' lang='lat' dir='ltr'><strong>apud</strong></span> <span class='ocrx_word' id='word_1_156' title='bbox 1196 2539 1251 2581; x_wconf 89' lang='lat' dir='ltr'><strong>nos</strong></span> 
     </span>
     <span class='ocr_line' id='line_1_20' title="bbox 130 2623 1251 2702; baseline 0.006 -20"><span class='ocrx_word' id='word_1_157' title='bbox 130 2623 324 2699; x_wconf 88' lang='lat' dir='ltr'><strong>acciderunt,</strong></span> <span class='ocrx_word' id='word_1_158' title='bbox 345 2643 420 2701; x_wconf 86' lang='lat' dir='ltr'><strong>quse</strong></span> <span class='ocrx_word' id='word_1_159' title='bbox 442 2644 513 2684; x_wconf 90' lang='lat' dir='ltr'><strong>sane</strong></span> <span class='ocrx_word' id='word_1_160' title='bbox 535 2643 596 2685; x_wconf 93' lang='lat' dir='ltr'><strong>ncn</strong></span> <span class='ocrx_word' id='word_1_161' title='bbox 618 2624 661 2684; x_wconf 89' lang='lat' dir='ltr'><strong>sic</strong></span> <span class='ocrx_word' id='word_1_162' title='bbox 679 2624 854 2697; x_wconf 89' lang='lat' dir='ltr'><strong>considero,</strong></span> <span class='ocrx_word' id='word_1_163' title='bbox 875 2626 961 2702; x_wconf 90' lang='lat' dir='ltr'><strong>quasi</strong></span> <span class='ocrx_word' id='word_1_164' title='bbox 972 2625 1042 2686; x_wconf 90' lang='lat' dir='ltr'><strong>inde</strong></span> <span class='ocrx_word' id='word_1_165' title='bbox 1055 2645 1110 2688; x_wconf 87' lang='lat' dir='ltr'><strong>nos</strong></span> <span class='ocrx_word' id='word_1_166' title='bbox 1125 2647 1176 2688; x_wconf 82' lang='lat' dir='ltr'><strong>rex</strong></span> <span class='ocrx_word' id='word_1_167' title='bbox 1189 2629 1251 2689; x_wconf 87' lang='lat' dir='ltr'><strong>lae·</strong></span> 
     </span>
    </p>
   </div>
   <div class='ocr_carea' id='block_1_4' title="bbox 124 2732 1358 2810">
    <p class='ocr_par' dir='ltr' id='par_1_7' title="bbox 124 2732 1358 2810">
     <span class='ocr_line' id='line_1_21' title="bbox 124 2732 1358 2810; baseline 0.006 -18"><span class='ocrx_word' id='word_1_168' title='bbox 124 2751 178 2792; x_wconf 89' lang='lat' dir='ltr'><strong>sae</strong></span> <span class='ocrx_word' id='word_1_169' title='bbox 199 2732 370 2809; x_wconf 87' lang='lat' dir='ltr'><strong>Majeetatis</strong></span> <span class='ocrx_word' id='word_1_170' title='bbox 391 2734 525 2810; x_wconf 86' lang='lat' dir='ltr'><strong>divinae,</strong></span> <span class='ocrx_word' id='word_1_171' title='bbox 547 2752 637 2810; x_wconf 88' lang='lat' dir='ltr'><strong>qnam</strong></span> <span class='ocrx_word' id='word_1_172' title='bbox 657 2733 720 2810; x_wconf 89' lang='lat' dir='ltr'><strong>ipsc</strong></span> <span class='ocrx_word' id='word_1_173' title='bbox 734 2733 946 2794; x_wconf 85' lang='lat' dir='ltr'><strong>vindicandam</strong></span> <span class='ocrx_word' id='word_1_174' title='bbox 958 2735 1082 2809; x_wconf 86' lang='lat' dir='ltr'><strong>habeat,</strong></span> <span class='ocrx_word' id='word_1_175' title='bbox 1096 2739 1145 2799; x_wconf 84' lang='lat' dir='ltr'><strong>vel</strong></span> <span class='ocrx_word' id='word_1_176' title='bbox 1159 2738 1251 2800; x_wconf 88' lang='lat' dir='ltr'><strong>etiam</strong></span> <span class='ocrx_word' id='word_1_177' title='bbox 1355 2764 1358 2775; x_wconf 52' lang='lat'><em>¹</em></span> 
     </span>
    </p>
   </div>
   <div class='ocr_carea' id='block_1_5' title="bbox 83 2843 1250 4668">
    <p class='ocr_par' dir='ltr' id='par_1_8' title="bbox 125 2843 1250 3356">
     <span class='ocr_line' id='line_1_22' title="bbox 126 2843 1250 2924; baseline 0.005 -22"><span class='ocrx_word' id='word_1_178' title='bbox 126 2843 300 2920; x_wconf 84' lang='lat' dir='ltr'><strong>Majestatis</strong></span> <span class='ocrx_word' id='word_1_179' title='bbox 323 2843 418 2920; x_wconf 88' lang='lat' dir='ltr'><strong>ipsius</strong></span> <span class='ocrx_word' id='word_1_180' title='bbox 444 2845 565 2920; x_wconf 89' lang='lat' dir='ltr'><strong>culpare</strong></span> <span class='ocrx_word' id='word_1_181' title='bbox 592 2846 624 2904; x_wconf 93' lang='lat' dir='ltr'><strong>ct</strong></span> <span class='ocrx_word' id='word_1_182' title='bbox 644 2843 841 2904; x_wconf 90' lang='lat' dir='ltr'><strong>condemnare</strong></span> <span class='ocrx_word' id='word_1_183' title='bbox 862 2844 975 2921; x_wconf 88' lang='lat' dir='ltr'><strong>possit,</strong></span> <span class='ocrx_word' id='word_1_184' title='bbox 997 2845 1048 2905; x_wconf 90' lang='lat' dir='ltr'><strong>scd</strong></span> <span class='ocrx_word' id='word_1_185' title='bbox 1068 2848 1104 2906; x_wconf 91' lang='lat' dir='ltr'><strong>ut</strong></span> <span class='ocrx_word' id='word_1_186' title='bbox 1123 2865 1250 2924; x_wconf 87' lang='lat' dir='ltr'><strong>poenam</strong></span> 
     </span>
     <span class='ocr_line' id='line_1_23' title="bbox 125 2951 1250 3036; baseline 0.004 -25"><span class='ocrx_word' id='word_1_187' title='bbox 125 2953 201 3026; x_wconf 90' lang='lat' dir='ltr'><strong>Dei,</strong></span> <span class='ocrx_word' id='word_1_188' title='bbox 222 2971 282 3029; x_wconf 89' lang='lat' dir='ltr'><strong>qua</strong></span> <span class='ocrx_word' id='word_1_189' title='bbox 294 2953 364 3029; x_wconf 84' lang='lat' dir='ltr'><strong>&#39;ipsc</strong></span> <span class='ocrx_word' id='word_1_190' title='bbox 388 2971 473 3012; x_wconf 88' lang='lat' dir='ltr'><strong>suam</strong></span> <span class='ocrx_word' id='word_1_191' title='bbox 495 2951 687 3027; x_wconf 85' lang='lat' dir='ltr'><strong>Majcetatcm</strong></span> <span class='ocrx_word' id='word_1_192' title='bbox 709 2954 740 3012; x_wconf 93' lang='lat' dir='ltr'><strong>et</strong></span> <span class='ocrx_word' id='word_1_193' title='bbox 759 2952 918 3029; x_wconf 88' lang='lat' dir='ltr'><strong>injuriam,</strong></span> <span class='ocrx_word' id='word_1_194' title='bbox 945 2972 1022 3029; x_wconf 84' lang='lat' dir='ltr'><strong>quse</strong></span> <span class='ocrx_word' id='word_1_195' title='bbox 1034 2954 1096 3015; x_wconf 92' lang='lat' dir='ltr'><strong>filio</strong></span> <span class='ocrx_word' id='word_1_196' title='bbox 1110 2974 1164 3015; x_wconf 90' lang='lat' dir='ltr'><strong>suo</strong></span> <span class='ocrx_word' id='word_1_197' title='bbox 1175 2956 1250 3036; x_wconf 77' lang='lat' dir='ltr'><strong>Regi</strong></span> 
     </span>
     <span class='ocr_line' id='line_1_24' title="bbox 125 3060 1250 3138; baseline 0.006 -19"><span class='ocrx_word' id='word_1_198' title='bbox 125 3061 246 3138; x_wconf 85' lang='lat' dir='ltr'><strong>Regum</strong></span> <span class='ocrx_word' id='word_1_199' title='bbox 268 3060 356 3121; x_wconf 84' lang='lat' dir='ltr'><strong>illata</strong></span> <span class='ocrx_word' id='word_1_200' title='bbox 381 3063 444 3136; x_wconf 88' lang='lat' dir='ltr'><strong>est,</strong></span> <span class='ocrx_word' id='word_1_201' title='bbox 466 3061 608 3122; x_wconf 84' lang='lat' dir='ltr'><strong>adversus</strong></span> <span class='ocrx_word' id='word_1_202' title='bbox 629 3079 746 3138; x_wconf 86' lang='lat' dir='ltr'><strong>regem,</strong></span> <span class='ocrx_word' id='word_1_203' title='bbox 775 3061 918 3122; x_wconf 85' lang='lat' dir='ltr'><strong>adversus</strong></span> <span class='ocrx_word' id='word_1_204' title='bbox 941 3060 1082 3135; x_wconf 81' lang='lat' dir='ltr'><strong>Ordines,</strong></span> <span class='ocrx_word' id='word_1_205' title='bbox 1107 3065 1250 3127; x_wconf 85' lang='lat' dir='ltr'><strong>adversus</strong></span> 
     </span>
     <span class='ocr_line' id='line_1_25' title="bbox 126 3170 1249 3248; baseline 0.005 -18"><span class='ocrx_word' id='word_1_206' title='bbox 126 3171 274 3248; x_wconf 89' lang='lat' dir='ltr'><strong>populum</strong></span> <span class='ocrx_word' id='word_1_207' title='bbox 304 3171 336 3230; x_wconf 91' lang='lat' dir='ltr'><strong>et</strong></span> <span class='ocrx_word' id='word_1_208' title='bbox 355 3171 514 3247; x_wconf 89' lang='lat' dir='ltr'><strong>praecipue</strong></span> <span class='ocrx_word' id='word_1_209' title='bbox 536 3171 679 3231; x_wconf 83' lang='lat' dir='ltr'><strong>adversus</strong></span> <span class='ocrx_word' id='word_1_210' title='bbox 701 3170 837 3230; x_wconf 87' lang='lat' dir='ltr'><strong>doctores</strong></span> <span class='ocrx_word' id='word_1_211' title='bbox 865 3174 896 3231; x_wconf 99' lang='grc' dir='ltr'><strong>εὴ</strong></span> <span class='ocrx_word' id='word_1_212' title='bbox 919 3173 1086 3232; x_wconf 88' lang='lat' dir='ltr'><strong>sacerdotes</strong></span> <span class='ocrx_word' id='word_1_213' title='bbox 1108 3172 1249 3236; x_wconf 86' lang='lat' dir='ltr'><strong>ccclesiae</strong></span> 
     </span>
     <span class='ocr_line' id='line_1_26' title="bbox 125 3279 1228 3356; baseline 0.005 -16"><span class='ocrx_word' id='word_1_214' title='bbox 125 3279 282 3340; x_wconf 84' lang='lat' dir='ltr'><strong>vindicare</strong></span> <span class='ocrx_word' id='word_1_215' title='bbox 303 3279 418 3354; x_wconf 75' lang='lat' dir='ltr'><strong>voluit,</strong></span> <span class='ocrx_word' id='word_1_216' title='bbox 431 3282 569 3354; x_wconf 75' lang='lat' dir='ltr'><strong>judicebus</strong></span> <span class='ocrx_word' id='word_1_217' title='bbox 591 3282 648 3338; x_wconf 81' lang='lat' dir='ltr'><strong>Dei</strong></span> <span class='ocrx_word' id='word_1_218' title='bbox 664 3281 707 3338; x_wconf 79' lang='lat' dir='ltr'><strong>lic</strong></span> <span class='ocrx_word' id='word_1_219' title='bbox 728 3290 851 3356; x_wconf 81' lang='lat' dir='ltr'><strong>coeptum</strong></span> <span class='ocrx_word' id='word_1_220' title='bbox 872 3289 911 3338; x_wconf 84' lang='lat' dir='ltr'><strong>est</strong></span> <span class='ocrx_word' id='word_1_221' title='bbox 931 3281 1063 3340; x_wconf 82' lang='lat' dir='ltr'><strong>aduersus</strong></span> <span class='ocrx_word' id='word_1_222' title='bbox 1086 3284 1228 3345; x_wconf 74' lang='lat' dir='ltr'><strong>orcadum.</strong></span> 
     </span>
    </p>

    <p class='ocr_par' dir='ltr' id='par_1_9' title="bbox 121 3386 1250 4014">
     <span class='ocr_line' id='line_1_27' title="bbox 170 3386 1250 3467; baseline 0.003 -20"><span class='ocrx_word' id='word_1_223' title='bbox 170 3386 257 3448; x_wconf 86' lang='lat' dir='ltr'><strong>Oirca</strong></span> <span class='ocrx_word' id='word_1_224' title='bbox 270 3387 350 3465; x_wconf 92' lang='lat' dir='ltr'><strong>quod</strong></span> <span class='ocrx_word' id='word_1_225' title='bbox 360 3387 496 3465; x_wconf 90' lang='lat' dir='ltr'><strong>inprimis</strong></span> <span class='ocrx_word' id='word_1_226' title='bbox 507 3388 675 3447; x_wconf 89' lang='lat' dir='ltr'><strong>notandum</strong></span> <span class='ocrx_word' id='word_1_227' title='bbox 686 3391 732 3448; x_wconf 87' lang='lat' dir='ltr'><strong>cet</strong></span> <span class='ocrx_word' id='word_1_228' title='bbox 741 3431 748 3460; x_wconf 94' lang='lat'><strong>,</strong></span> <span class='ocrx_word' id='word_1_229' title='bbox 755 3387 875 3463; x_wconf 86' lang='lat' dir='ltr'><strong>justum</strong></span> <span class='ocrx_word' id='word_1_230' title='bbox 885 3387 982 3448; x_wconf 88' lang='lat' dir='ltr'><strong>Deum</strong></span> <span class='ocrx_word' id='word_1_231' title='bbox 996 3407 1050 3465; x_wconf 90' lang='lat' dir='ltr'><strong>pro</strong></span> <span class='ocrx_word' id='word_1_232' title='bbox 1062 3409 1115 3450; x_wconf 86' lang='lat' dir='ltr'><strong>sua</strong></span> <span class='ocrx_word' id='word_1_233' title='bbox 1124 3391 1250 3467; x_wconf 89' lang='lat' dir='ltr'><strong>justicia</strong></span> 
     </span>
     <span class='ocr_line' id='line_1_28' title="bbox 124 3497 1250 3577; baseline 0.003 -19"><span class='ocrx_word' id='word_1_234' title='bbox 124 3497 278 3558; x_wconf 88' lang='lat' dir='ltr'><strong>nominem</strong></span> <span class='ocrx_word' id='word_1_235' title='bbox 299 3497 404 3574; x_wconf 88' lang='lat' dir='ltr'><strong>punire</strong></span> <span class='ocrx_word' id='word_1_236' title='bbox 425 3516 480 3558; x_wconf 89' lang='lat' dir='ltr'><strong>nce</strong></span> <span class='ocrx_word' id='word_1_237' title='bbox 502 3497 712 3569; x_wconf 90' lang='lat' dir='ltr'><strong>condemnare,</strong></span> <span class='ocrx_word' id='word_1_238' title='bbox 733 3497 792 3556; x_wconf 91' lang='lat' dir='ltr'><strong>nisi</strong></span> <span class='ocrx_word' id='word_1_239' title='bbox 809 3516 896 3574; x_wconf 88' lang='lat' dir='ltr'><strong>quem</strong></span> <span class='ocrx_word' id='word_1_240' title='bbox 907 3498 990 3575; x_wconf 87' lang='lat' dir='ltr'><strong>prius</strong></span> <span class='ocrx_word' id='word_1_241' title='bbox 1001 3519 1036 3558; x_wconf 87' lang='lat' dir='ltr'><strong>ex</strong></span> <span class='ocrx_word' id='word_1_242' title='bbox 1046 3500 1168 3577; x_wconf 88' lang='lat' dir='ltr'><strong>propria</strong></span> <span class='ocrx_word' id='word_1_243' title='bbox 1179 3519 1250 3561; x_wconf 89' lang='lat' dir='ltr'><strong>con-</strong></span> 
     </span>
     <span class='ocr_line' id='line_1_29' title="bbox 124 3607 1250 3686; baseline 0.004 -20"><span class='ocrx_word' id='word_1_244' title='bbox 124 3607 275 3680; x_wconf 85' lang='lat' dir='ltr'><strong>fassione,</strong></span> <span class='ocrx_word' id='word_1_245' title='bbox 297 3627 333 3667; x_wconf 87' lang='lat' dir='ltr'><strong>ex</strong></span> <span class='ocrx_word' id='word_1_246' title='bbox 353 3607 473 3684; x_wconf 89' lang='lat' dir='ltr'><strong>proprio</strong></span> <span class='ocrx_word' id='word_1_247' title='bbox 494 3607 627 3683; x_wconf 84' lang='lat' dir='ltr'><strong>judicic,</strong></span> <span class='ocrx_word' id='word_1_248' title='bbox 649 3625 685 3666; x_wconf 88' lang='lat' dir='ltr'><strong>cx</strong></span> <span class='ocrx_word' id='word_1_249' title='bbox 705 3607 833 3683; x_wconf 89' lang='lat' dir='ltr'><strong>propriis</strong></span> <span class='ocrx_word' id='word_1_250' title='bbox 854 3608 943 3668; x_wconf 86' lang='lat' dir='ltr'><strong>tactis</strong></span> <span class='ocrx_word' id='word_1_251' title='bbox 964 3612 1110 3686; x_wconf 84' lang='lat' dir='ltr'><strong>coarguat</strong></span> <span class='ocrx_word' id='word_1_252' title='bbox 1130 3612 1161 3669; x_wconf 88' lang='lat' dir='ltr'><strong>ct</strong></span> <span class='ocrx_word' id='word_1_253' title='bbox 1180 3627 1250 3670; x_wconf 89' lang='lat' dir='ltr'><strong>con-</strong></span> 
     </span>
     <span class='ocr_line' id='line_1_30' title="bbox 123 3716 1248 3794; baseline 0.001 -17"><span class='ocrx_word' id='word_1_254' title='bbox 123 3716 240 3778; x_wconf 86' lang='lat' dir='ltr'><strong>vincat.</strong></span> <span class='ocrx_word' id='word_1_255' title='bbox 282 3716 394 3776; x_wconf 90' lang='lat' dir='ltr'><strong>Deinde</strong></span> <span class='ocrx_word' id='word_1_256' title='bbox 415 3720 506 3792; x_wconf 89' lang='lat' dir='ltr'><strong>prout</strong></span> <span class='ocrx_word' id='word_1_257' title='bbox 526 3717 670 3793; x_wconf 86' lang='lat' dir='ltr'><strong>cujusque</strong></span> <span class='ocrx_word' id='word_1_258' title='bbox 692 3717 810 3775; x_wconf 88' lang='lat' dir='ltr'><strong>animus</strong></span> <span class='ocrx_word' id='word_1_259' title='bbox 829 3718 889 3789; x_wconf 88' lang='lat' dir='ltr'><strong>eet,</strong></span> <span class='ocrx_word' id='word_1_260' title='bbox 904 3717 1048 3793; x_wconf 90' lang='lat' dir='ltr'><strong>cujusque</strong></span> <span class='ocrx_word' id='word_1_261' title='bbox 1062 3719 1248 3794; x_wconf 88' lang='lat' dir='ltr'><strong>propositum</strong></span> 
     </span>
     <span class='ocr_line' id='line_1_31' title="bbox 122 3826 1248 3905; baseline 0.001 -18"><span class='ocrx_word' id='word_1_262' title='bbox 122 3829 291 3887; x_wconf 86' lang='lat' dir='ltr'><strong>secundum</strong></span> <span class='ocrx_word' id='word_1_263' title='bbox 320 3828 469 3904; x_wconf 85' lang='lat' dir='ltr'><strong>ordinem,</strong></span> <span class='ocrx_word' id='word_1_264' title='bbox 502 3847 591 3905; x_wconf 91' lang='lat' dir='ltr'><strong>quem</strong></span> <span class='ocrx_word' id='word_1_265' title='bbox 610 3827 674 3904; x_wconf 89' lang='lat' dir='ltr'><strong>ipse</strong></span> <span class='ocrx_word' id='word_1_266' title='bbox 695 3826 875 3901; x_wconf 88' lang='lat' dir='ltr'><strong>constituit,</strong></span> <span class='ocrx_word' id='word_1_267' title='bbox 897 3827 1108 3905; x_wconf 51' lang='lat' dir='ltr'><strong>delinquentes¹</strong></span> <span class='ocrx_word' id='word_1_268' title='bbox 1126 3845 1197 3905; x_wconf 83' lang='lat' dir='ltr'><strong>erga</strong></span> <span class='ocrx_word' id='word_1_269' title='bbox 1217 3847 1248 3888; x_wconf 89' lang='lat' dir='ltr'><strong>se</strong></span> 
     </span>
     <span class='ocr_line' id='line_1_32' title="bbox 121 3936 435 4014; baseline 0 -18"><span class='ocrx_word' id='word_1_270' title='bbox 121 3936 258 4012; x_wconf 85' lang='lat' dir='ltr'><strong>castigat</strong></span> <span class='ocrx_word' id='word_1_271' title='bbox 282 3941 313 3998; x_wconf 89' lang='lat' dir='ltr'><strong>ct</strong></span> <span class='ocrx_word' id='word_1_272' title='bbox 337 3937 435 4014; x_wconf 87' lang='lat' dir='ltr'><strong>punit.</strong></span> 
     </span>
    </p>

    <p class='ocr_par' dir='ltr' id='par_1_10' title="bbox 83 4043 1248 4562">
     <span class='ocr_line' id='line_1_33' title="bbox 165 4043 1243 4121; baseline 0.002 -19"><span class='ocrx_word' id='word_1_273' title='bbox 165 4043 296 4104; x_wconf 88' lang='lat' dir='ltr'><strong>Animus</strong></span> <span class='ocrx_word' id='word_1_274' title='bbox 327 4046 358 4104; x_wconf 91' lang='lat' dir='ltr'><strong>et</strong></span> <span class='ocrx_word' id='word_1_275' title='bbox 379 4045 567 4121; x_wconf 88' lang='lat' dir='ltr'><strong>propositum</strong></span> <span class='ocrx_word' id='word_1_276' title='bbox 593 4044 649 4104; x_wconf 86' lang='lat' dir='ltr'><strong>soli</strong></span> <span class='ocrx_word' id='word_1_277' title='bbox 673 4044 734 4105; x_wconf 90' lang='lat' dir='ltr'><strong>Deo</strong></span> <span class='ocrx_word' id='word_1_278' title='bbox 762 4046 837 4103; x_wconf 87' lang='lat' dir='ltr'><strong>nota</strong></span> <span class='ocrx_word' id='word_1_279' title='bbox 861 4047 947 4117; x_wconf 91' lang='lat' dir='ltr'><strong>sunt,</strong></span> <span class='ocrx_word' id='word_1_280' title='bbox 970 4045 1022 4104; x_wconf 85' lang='lat' dir='ltr'><strong>ead</strong></span> <span class='ocrx_word' id='word_1_281' title='bbox 1043 4047 1111 4105; x_wconf 84' lang='lat' dir='ltr'><strong>crdo</strong></span> <span class='ocrx_word' id='word_1_282' title='bbox 1132 4064 1243 4120; x_wconf 75' lang='lat' dir='ltr'><strong>eoram,</strong></span> 
     </span>
     <span class='ocr_line' id='line_1_34' title="bbox 121 4152 1246 4230; baseline 0.003 -18"><span class='ocrx_word' id='word_1_283' title='bbox 121 4155 174 4228; x_wconf 82' lang='lat' dir='ltr'><strong>qai</strong></span> <span class='ocrx_word' id='word_1_284' title='bbox 202 4154 245 4213; x_wconf 81' lang='lat' dir='ltr'><strong>lic</strong></span> <span class='ocrx_word' id='word_1_285' title='bbox 275 4164 372 4213; x_wconf 81' lang='lat' dir='ltr'><strong>contra</strong></span> <span class='ocrx_word' id='word_1_286' title='bbox 393 4157 568 4229; x_wconf 81' lang='lat' dir='ltr'><strong>Mcjestalem</strong></span> <span class='ocrx_word' id='word_1_287' title='bbox 593 4157 649 4228; x_wconf 73' lang='lat' dir='ltr'><strong>ey²us</strong></span> <span class='ocrx_word' id='word_1_288' title='bbox 674 4155 858 4229; x_wconf 80' lang='lat' dir='ltr'><strong>deliquerunt,</strong></span> <span class='ocrx_word' id='word_1_289' title='bbox 879 4153 994 4230; x_wconf 88' lang='lat' dir='ltr'><strong>primus</strong></span> <span class='ocrx_word' id='word_1_290' title='bbox 1017 4152 1143 4214; x_wconf 87' lang='lat' dir='ltr'><strong>Ordines</strong></span> <span class='ocrx_word' id='word_1_291' title='bbox 1164 4158 1246 4230; x_wconf 87' lang='lat' dir='ltr'><strong>sunt,</strong></span> 
     </span>
     <span class='ocr_line' id='line_1_35' title="bbox 121 4261 1248 4340; baseline 0.001 -18"><span class='ocrx_word' id='word_1_292' title='bbox 121 4261 273 4322; x_wconf 86' lang='lat' dir='ltr'><strong>secundus</strong></span> <span class='ocrx_word' id='word_1_293' title='bbox 294 4261 423 4338; x_wconf 89' lang='lat' dir='ltr'><strong>quilibet</strong></span> <span class='ocrx_word' id='word_1_294' title='bbox 443 4263 558 4322; x_wconf 86' lang='lat' dir='ltr'><strong>nobiles</strong></span> <span class='ocrx_word' id='word_1_295' title='bbox 573 4265 605 4322; x_wconf 92' lang='lat' dir='ltr'><strong>ct</strong></span> <span class='ocrx_word' id='word_1_296' title='bbox 619 4262 779 4340; x_wconf 86' lang='lat' dir='ltr'><strong>optimates</strong></span> <span class='ocrx_word' id='word_1_297' title='bbox 792 4281 846 4339; x_wconf 89' lang='lat' dir='ltr'><strong>pro</strong></span> <span class='ocrx_word' id='word_1_298' title='bbox 863 4281 893 4322; x_wconf 87' lang='lat' dir='ltr'><strong>se</strong></span> <span class='ocrx_word' id='word_1_299' title='bbox 904 4308 910 4336; x_wconf 98' lang='lat'><strong>,</strong></span> <span class='ocrx_word' id='word_1_300' title='bbox 922 4263 1030 4322; x_wconf 88' lang='lat' dir='ltr'><strong>tertius</strong></span> <span class='ocrx_word' id='word_1_301' title='bbox 1045 4264 1144 4339; x_wconf 88' lang='lat' dir='ltr'><strong>plebe,</strong></span> <span class='ocrx_word' id='word_1_302' title='bbox 1158 4283 1248 4340; x_wconf 90' lang='lat' dir='ltr'><strong>quar-</strong></span> 
     </span>
     <span class='ocr_line' id='line_1_36' title="bbox 83 4373 1247 4452; baseline 0.002 -21"><span class='ocrx_word' id='word_1_303' title='bbox 83 4447 87 4452; x_wconf 25' lang='lat'>.</span> <span class='ocrx_word' id='word_1_304' title='bbox 122 4375 176 4431; x_wconf 84' lang='lat' dir='ltr'><strong>tus</strong></span> <span class='ocrx_word' id='word_1_305' title='bbox 197 4389 257 4432; x_wconf 82' lang='lat' dir='ltr'><strong>rex,</strong></span> <span class='ocrx_word' id='word_1_306' title='bbox 298 4374 448 4431; x_wconf 71' lang='lat' dir='ltr'><strong>Recessim</strong></span> <span class='ocrx_word' id='word_1_307' title='bbox 463 4375 669 4449; x_wconf 61' lang='lat' dir='ltr'><strong>perpopulato</strong></span> <span class='ocrx_word' id='word_1_308' title='bbox 689 4373 844 4448; x_wconf 73' lang='lat' dir='ltr'><strong>pubescet,</strong></span> <span class='ocrx_word' id='word_1_309' title='bbox 865 4391 914 4430; x_wconf 80' lang='lat' dir='ltr'><strong>uec</strong></span> <span class='ocrx_word' id='word_1_310' title='bbox 926 4375 1184 4450; x_wconf 78' lang='lat' dir='ltr'><strong>populusprcpter</strong></span> <span class='ocrx_word' id='word_1_311' title='bbox 1204 4393 1247 4432; x_wconf 85' lang='lat' dir='ltr'><strong>re-</strong></span> 
     </span>
     <span class='ocr_line' id='line_1_37' title="bbox 120 4483 857 4562; baseline -0.003 -20"><span class='ocrx_word' id='word_1_312' title='bbox 120 4502 200 4561; x_wconf 80' lang='lat' dir='ltr'><strong>que,</strong></span> <span class='ocrx_word' id='word_1_313' title='bbox 220 4484 270 4541; x_wconf 88' lang='lat' dir='ltr'><strong>sed</strong></span> <span class='ocrx_word' id='word_1_314' title='bbox 288 4492 469 4562; x_wconf 78' lang='lat' dir='ltr'><strong>sarapropter</strong></span> <span class='ocrx_word' id='word_1_315' title='bbox 483 4484 620 4558; x_wconf 78' lang='lat' dir='ltr'><strong>populum</strong></span> <span class='ocrx_word' id='word_1_316' title='bbox 641 4483 786 4541; x_wconf 81' lang='lat' dir='ltr'><strong>ordinatas</strong></span> <span class='ocrx_word' id='word_1_317' title='bbox 807 4491 857 4540; x_wconf 80' lang='lat' dir='ltr'><strong>est.</strong></span> 
     </span>
    </p>

    <p class='ocr_par' dir='ltr' id='par_1_11' title="bbox 163 4564 1248 4668">
     <span class='ocr_line' id='line_1_38' title="bbox 163 4564 1248 4668; baseline 0.003 -19"><span class='ocrx_word' id='word_1_318' title='bbox 163 4564 252 4651; x_wconf 79' lang='lat' dir='ltr'><strong>Nunc</strong></span> <span class='ocrx_word' id='word_1_319' title='bbox 286 4591 408 4651; x_wconf 87' lang='lat' dir='ltr'><strong>initium</strong></span> <span class='ocrx_word' id='word_1_320' title='bbox 433 4593 464 4650; x_wconf 90' lang='lat' dir='ltr'><strong>ct</strong></span> <span class='ocrx_word' id='word_1_321' title='bbox 494 4609 683 4668; x_wconf 84' lang='lat' dir='ltr'><strong>progressum</strong></span> <span class='ocrx_word' id='word_1_322' title='bbox 702 4589 811 4666; x_wconf 90' lang='lat' dir='ltr'><strong>judicii</strong></span> <span class='ocrx_word' id='word_1_323' title='bbox 835 4589 890 4650; x_wconf 88' lang='lat' dir='ltr'><strong>Dei</strong></span> <span class='ocrx_word' id='word_1_324' title='bbox 913 4591 1142 4652; x_wconf 84' lang='lat' dir='ltr'><strong>consideremus.</strong></span> <span class='ocrx_word' id='word_1_325' title='bbox 1191 4592 1248 4665; x_wconf 79' lang='lat' dir='ltr'><strong>Qui</strong></span> 
     </span>
    </p>
   </div>
   <div class='ocr_carea' id='block_1_6' title="bbox 0 0 1518 5348">
    <p class='ocr_par' dir='ltr' id='par_1_12' title="bbox 0 0 1518 5348">
     <span class='ocr_line' id='line_1_39' title="bbox 0 0 1518 5348; baseline 0 4"><span class='ocrx_word' id='word_1_326' title='bbox 0 0 1518 5348; x_wconf 95' lang='lat' dir='ltr'><strong> </strong></span> 
     </span>
    </p>
   </div>
  </div>
 </body>
</html>
