3028 5348
278 441 318 503 48
697 457 832 500 rosanus
854 457 983 502 ursana

280 619 307 680 si
338 617 467 696 pristino
492 618 596 681 lavoro
628 621 659 680 et
688 618 899 681 benevolentia
919 619 1052 696 patriam
1072 638 1170 682 meam
1193 622 1395 702 prosequitur,

281 731 317 790 ut
338 728 371 788 in
391 746 426 788 ea
447 728 532 789 neat
554 732 585 789 et
610 729 729 804 valeat,
751 729 875 808 supplex
895 729 1079 793 commendo.

325 834 482 900 Ooloniae.
504 838 521 897 5
543 836 630 899 Febr.
653 838 740 899 1580.

1225 947 1264 1008 Δ.
1284 947 1323 1011 Α.

286 1520 335 1582 30.
577 1535 735 1578 uwauuro
755 1535 878 1579 aeuuuu
899 1518 960 1594 (wie
981 1538 1027 1579 no.
1050 1519 1113 1596 27).

1013 1695 1107 1776 Kdlu,
1129 1699 1147 1760 6
1168 1697 1252 1759 Mtra
1274 1699 1361 1760 1580.

327 1875 460 1938 Salutem
476 1877 516 1955 1).
569 1877 650 1948 Quae
678 1875 753 1936 soire
774 1893 827 1936 voe
851 1875 958 1952 velim,
979 1875 1027 1938 vir
1047 1878 1254 1954 ornatissime,
1276 1898 1344 1941 oum
1364 1881 1399 1940 ad

286 2007 334 2048 me
348 1985 487 2047 dominus
507 1984 639 2046 Alborda
661 1983 828 2061 scripserit,
850 1983 946 2044 eidem
961 1984 1136 2064 significavi.
1167 1986 1309 2062 Utinam,
1324 1988 1401 2065 quod

286 2098 335 2160 hie
366 2097 534 2176 spargitur,
566 2095 611 2155 ita
635 2113 653 2154 a
674 2093 759 2157 vobis
787 2095 990 2170 custodiatur,
1019 2116 1057 2157 ne
1078 2097 1145 2159 aliis
1165 2117 1272 2159 nooere
1298 2098 1400 2176 possit.

287 2207 365 2279 Quid
389 2206 469 2268 enim
492 2205 525 2266 in
546 2205 646 2266 animo
672 2202 783 2264 habeat
805 2204 897 2265 etiam
918 2205 998 2282 apud
1019 2205 1250 2267 Transisulanos
1278 2211 1401 2268 conatus

281 2318 353 2394 'ejus
385 2317 556 2377 ostendunt.
608 2313 733 2374 Caetera
760 2313 793 2373 in
822 2313 919 2374 literis
947 2315 1115 2392 adjunctis,
1147 2319 1179 2379 ot
1199 2317 1307 2393 iniis,
1329 2337 1401 2396 quae
1490 2395 1491 2398 Ἴ

283 2426 363 2503 jussi
393 2425 490 2486 tibia
520 2424 632 2486 nostris
665 2407 888 2484 communicari.
939 2425 974 2485 Si
994 2436 1099 2486 vestras
1118 2428 1236 2488 or'or'arr'm
1256 2428 1311 2487 illie
1331 2448 1401 2488 eom·

286 2536 503 2608 brunicardia,
535 2536 562 2594 ei
590 2537 630 2594 ita
650 2534 724 2593 votis
743 2534 863 2608 videtur,
884 2544 994 2612 pratum
1018 2536 1086 2594 milri
1103 2537 1157 2596 erit
1167 2538 1217 2614 2),
1241 2537 1400 2597 nonenim

288 2641 383 2702 otium
409 2641 568 2701 habuimus
588 2639 761 2717 duplicandi
783 2658 842 2699 eas.
883 2639 968 2711 Quod
993 2640 1031 2701 ad
1054 2643 1086 2704 te
1107 2642 1233 2718 attinet,
1256 2662 1343 2722 spero
1357 2646 1400 2706 ni·

286 2750 331 2812 hil
361 2749 486 2827 periculi
518 2767 598 2822 esse,
629 2748 806 2825 praesertim
836 2748 862 2808 si
888 2748 955 2822 illo,
987 2750 1067 2829 quod
1099 2751 1222 2811 omnino
1246 2753 1334 2814 oredo
1355 2755 1401 2817 vel

282 2863 347 2938 jam
370 2860 484 2920 laetum
505 2878 586 2932 esse,
609 2859 658 2920 vel
682 2860 843 2936 antequam
864 2858 920 2918 hae
940 2858 1046 2918 literae
1068 2860 1106 2920 ad
1127 2879 1180 2922 vos
1201 2865 1399 2942 perventurae

288 2970 351 3030 sint
370 2969 507 3030 futurum
531 2987 592 3029 esse
612 2968 761 3047 dignitate
783 2987 839 3029 sua
858 2968 1053 3029 destituatur.
1093 2969 1153 3029 Ubi
1173 2971 1253 3030 enim
1275 2970 1400 3034 Ordines
1488 3033 1489 3038 ,

287 3082 319 3140 et
349 3080 507 3157 praecipue
538 3078 642 3139 unitae
670 3077 842 3156 provinoiae
873 3079 1061 3155 propositum
1080 3079 1161 3140 illius
1180 3079 1401 3157 intellexerint,

286 3207 346 3249 non
371 3189 470 3249 sinent
491 3207 559 3248 eum
579 3187 612 3247 in
633 3187 670 3248 iis
689 3187 763 3248 loeis
785 3206 975 3264 permanere,
1006 3189 1064 3248 nisi
1084 3188 1162 3249 forte
1184 3190 1290 3268 eitius,
1313 3211 1401 3269 quarn

285 3299 316 3359 id
347 3298 411 3358 fieri
442 3298 552 3376 possit,
585 3297 697 3356 auxilia
724 3295 752 3356 ei
775 3297 926 3370 venerint,
956 3298 991 3358 de
1013 3297 1121 3375 quibus
1142 3299 1229 3360 valde
1251 3300 1400 3362 timemus.

285 3409 365 3468 Nam
393 3410 458 3486 jam
491 3409 523 3468 in
555 3407 707 3467 Geldriam
738 3405 854 3482 aliquot
874 3407 984 3467 uexilla
1005 3408 1139 3484 equitum
1161 3407 1350 3471 Albanorum
1370 3415 1401 3472 et

234 3550 240 3561 ι
285 3518 421 3596 peditum
453 3517 605 3577 Valonum
622 3533 793 3594 ,progressa
822 3518 894 3575 sunt
908 3514 955 3592 3),
985 3519 1133 3578 nostrates
1156 3518 1298 3579 dieuntur
1317 3520 1400 3584 brevi

285 3626 451 3707 sequuturi.
503 3625 665 3684 Vehuntur
686 3624 778 3684 etiam
799 3642 834 3684 eo
854 3626 1007 3686 tormenta
1028 3625 1149 3705 Belgica
1172 3646 1239 3687 oum
1252 3629 1397 3707 pulvere,
1486 3675 1487 3680 ,

285 3739 364 3808 siout
386 3735 474 3796 hodie
496 3733 640 3795 intellexi.
683 3733 760 3804 Quid
782 3736 886 3794 tamen
908 3735 945 3794 de
966 3736 1023 3796 hao
1045 3737 1232 3814 expeditione
1252 3742 1317 3816 est,
1348 3759 1400 3802 vos

286 3848 393 3910 melius
416 3846 474 3922 ibi,
506 3863 596 3923 quam
621 3863 677 3904 nos
697 3844 745 3904 hio
770 3864 945 3923 eognosoere
969 3847 1117 3924 poteritis.
1159 3849 1245 3921 Quod
1268 3869 1338 3931 ergo
1363 3851 1400 3911 ad

286 3965 317 4022 te
350 3958 479 4030 attinet,
512 3955 665 4033 supersedi
694 3955 751 4015 ulli
782 3956 853 4031 alii,
885 3976 976 4034 quarn
997 3958 1117 4020 domino
1140 3959 1290 4022 Alberdae
1314 3965 1398 4022 tuam
1485 3981 1486 3994 ³

288 4087 409 4132 oausam
430 4069 461 4128 et
481 4084 529 4126 res
551 4066 776 4141 commendare,
798 4069 834 4127 ut
853 4067 967 4129 videbis
982 4087 1017 4129 ex
1031 4070 1175 4146 adjunota
1189 4073 1319 4134 scedula.
1340 4073 1399 4134 Ubi

286 4178 497 4244 necessilatem
528 4175 660 4252 aliquam
691 4176 882 4254 intellexero,
914 4178 1057 4256 quioquid
1077 4198 1096 4239 a
1114 4200 1161 4241 me
1182 4182 1333 4258 petiturus
1355 4202 1385 4244 es

320 4408 345 4471 1)
380 4404 445 4453 Genu
460 4399 627 4465 eigenhiindig.

320 4504 346 4567 2)
381 4497 472 4550 Altada
488 4497 542 4561 srigt
558 4512 597 4546 em
614 4496 697 4545 Raude
716 4497 799 4546 hiuzu:
821 4497 876 4546 Nou
892 4500 930 4547 est
947 4514 1052 4550 neeesse.

322 4599 346 4662 3)
382 4597 467 4646 Zusatz
484 4608 522 4643 em
539 4591 634 4670 Made:
655 4591 699 4641 sub
721 4591 769 4644 alio
786 4594 867 4644 tamen
887 4596 1022 4658 praetextu.
