3028 5348
516 537 679 581 arnasano
700 537 830 582 sensns.
1184 523 1221 584 13
1283 519 1285 524 ’

98 699 161 759 dae
174 699 237 760 eius
250 697 454 761 destituimur..
472 699 608 776 Nuntio,
628 699 746 776 quihus
766 699 824 759 libi
844 698 943 760 adseri
963 699 1068 760 litores
1088 701 1225 761 dolorum

94 808 239 879 ciuiialis
269 811 388 869 vestrae
415 808 535 868 nomine
564 807 703 885 promisi,
725 807 758 866 in
779 807 864 868 ouius
884 807 1013 886 gretiam
1033 827 1051 867 a
1072 809 1145 870 viris
1164 809 1223 870 fide

94 915 202 994 dignis
233 917 380 994 impulsus
414 919 445 977 ci
479 917 651 978 admonitus
682 916 801 976 easdem
821 918 875 976 has
896 917 1000 976 literas
1021 916 1102 976 fideli
1122 917 1222 980 animo

94 1026 217 1103 scripsi.
258 1026 339 1086 Bone
361 1027 438 1087 vale.

139 1133 300 1212 Coloniae,
322 1137 360 1196 19
382 1135 467 1196 Junii
490 1136 578 1196 1579.

859 1243 966 1305 Veslcr
987 1264 1075 1320 quem
1095 1248 1177 1308 nesii

978 1352 1016 1412 A.
1037 1354 1074 1413 A.

392 1987 398 2000 .
412 1987 419 2002 .
432 1985 439 2001 .
452 1957 631 2001 menmium
652 1957 787 2000 icarum.
801 1985 808 2000 .
821 1986 828 2001 .
842 1987 848 2000 .
861 1986 868 2001 .
883 1943 950 2016 cito,
971 1943 1031 2002 odo.

544 2051 632 2124 (sonci
652 2050 702 2108 wic
721 2069 765 2109 oo.
787 2051 828 2126 2).

832 2225 927 2299 ΚδΙη,
949 2225 987 2284 26
1007 2225 1071 2286 Juli
1092 2228 1180 2288 1579.

145 2464 290 2524 sautem.
342 2462 493 2541 propono
524 2467 596 2523 sunt
618 2463 755 2537 aarum,
777 2463 885 2540 quous
906 2466 1061 2527 catholicis
1086 2422 1220 2530 satisfa-

98 2582 171 2639 tum
192 2575 256 2649 osi,
278 2573 328 2633 ssd
348 2562 414 2632 aliis
439 2590 509 2632 non.
552 2572 642 2632 Nunc
656 2573 689 2632 in
702 2573 758 2633 hoo
771 2573 966 2650 incumbunt,
981 2577 1014 2635 in
1027 2596 1116 2653 quem
1129 2579 1219 2640 finem

98 2688 250 2748 hactenus
272 2701 389 2760 quoquc
411 2681 582 2743 laboratum
602 2691 662 2758 est,
683 2685 720 2742 ui
740 2701 816 2743 unos
836 2683 874 2744 ab
897 2686 963 2746 aliis
985 2663 1138 2764 separent,
1160 2708 1218 2765 quo

99 2794 227 2858 facilius
257 2796 399 2871 uirosque
427 2793 549 2853 tandem
579 2797 731 2870 superent„
772 2793 927 2872 Separatio
954 2796 1013 2856 isla
1039 2796 1119 2856 inler
1138 2797 1219 2875 ipsos

98 2908 221 2986 legatos
242 2904 309 2980 jem
330 2904 435 2978 coepta
457 2905 518 2975 osi,
540 2920 596 2962 nec
617 2903 755 2963 videmur
777 2905 905 2981 amplius
926 2906 1040 2982 aliquid
1059 2907 1131 2967 boni
1144 2927 1219 2968 una·

100 3014 183 3078 nimi
214 3030 359 3072 consensu
391 3010 542 3086 effecturi,
574 3029 643 3071 oum
670 3011 716 3072 illi
740 3012 1118 3090 jaminidincumbani,
1139 3019 1220 3077 uisi

102 3143 169 3186 non
190 3123 272 3182 ictos
292 3121 478 3199 provincias,
493 3121 601 3180 saliem
615 3121 731 3198 aliquas
745 3122 883 3184 civitates
895 3123 928 3182 in
942 3124 1120 3183 senientiam
1135 3145 1222 3187 suam

103 3233 297 3312 pertrahant.
338 3230 387 3291 Ia
409 3230 468 3291 scio
490 3231 608 3291 cosdem
624 3231 690 3308 jam
711 3231 854 3293 articulos
871 3233 908 3291 ed
923 3233 1075 3293 civilatem
1090 3239 1223 3296 vestram
1344 3240 1348 3250 '

104 3341 299 3404 transmissos
331 3359 411 3415 osse,
442 3344 618 3419 vestrosque
652 3361 720 3402 cum
740 3343 858 3420 magnis
877 3343 1032 3420 promissis
1053 3346 1227 3422 sollicitari,

105 3456 145 3514 ul
174 3452 255 3530 Regi·
282 3450 514 3511 reconcilientur
535 3454 564 3510 ei
586 3470 617 3511 se
637 3452 739 3513 hostes
761 3455 866 3513 contra
887 3454 961 3514 alios
983 3454 1150 3531 declarent,
1172 3457 1225 3518 sed

105 3582 201 3641 quum
220 3560 413 3620 fraudulento
437 3563 468 3620 ei
491 3561 660 3638 periculosa
680 3562 753 3622 haec
774 3581 821 3623 res
843 3562 898 3640 sii,
926 3564 1013 3624 facile
1033 3565 1093 3642 ipsi
1109 3567 1226 3645 judica-

104 3672 191 3733 bilis.
232 3671 368 3730 Primum
390 3669 469 3729 enim
489 3689 522 3728 ex
542 3673 642 3730 sumtis
663 3672 692 3730 io
712 3674 776 3732 alir‘s
797 3675 887 3749 repois
908 3683 934 3733 et
946 3675 1010 3734 locis
1023 3695 1080 3734 ooo
1092 3689 1225 3754 apparet,

104 3802 168 3842 eom
198 3782 255 3839 Dei
284 3783 447 3840 voluntatem
477 3798 551 3854 esso,
582 3790 613 3839 ot
642 3783 770 3841 catholici
786 3784 897 3860 reliquis
917 3785 1068 3860 superiores
1088 3786 1158 3860 sint,
1179 3789 1230 3847 cod

104 3898 221 3950 econtra
241 3893 283 3950 ool
302 3890 444 3956 inferiores
464 3893 505 3950 ecl
525 3891 566 3951 od
584 3909 719 3950 suminam
733 3911 840 3969 pores;
861 3893 983 3969 deinde,
1005 3898 1042 3955 ut
1055 3913 1090 3954 ea
1103 3894 1160 3955 Dei
1173 3901 1232 3957 vo·'

103 3999 211 4058 lunias
232 4015 294 4057 non
316 3996 371 4072 sii,
392 3997 429 4056 de
450 4015 510 4073 qua
531 3999 637 4058 tamen
658 4017 712 4077 ego
734 4018 794 4061 non
815 4001 936 4075 dubito,
958 4002 1023 4062 fieri
1042 4005 1145 4063 tomen
1165 4022 1228 4066 non

103 4108 211 4186 potcsi
226 4106 402 4184 priusquam
422 4107 524 4168 unitas
544 4107 619 4168 isius
641 4109 810 4185 provinciae
829 4113 860 4170 et
874 4111 1013 4173 civitates
1029 4112 1183 4187 devincat,
1199 4114 1225 4174 si

104 4216 198 4278 modo
218 4234 352 4292 unquam
376 4216 494 4277 devinci
523 4220 683 4295 possiunt,
705 4218 777 4295 quie
805 4222 837 4279 oi
857 4219 992 4296 ipsorum
1013 4220 1228 4284 catholicorum

104 4327 189 4390 vires
211 4325 417 4387 debilitentur.
457 4325 508 4386 An
528 4329 633 4404 postea
655 4327 812 4387 amborum
841 4328 957 4389 viribus
978 4330 1116 4390 contritis
1137 4331 1229 4392 liber-

104 4437 206 4498 aiem
236 4453 320 4496 suam
351 4435 431 4497 tueri
462 4439 568 4498 conire
598 4437 802 4513 quaesitiones
825 4441 856 4498 ei
875 4438 1002 4516 injurias
1022 4440 1227 4519 Hispanorum

104 4549 268 4624 poterunt,
292 4537 353 4607 'vos
383 4565 437 4623 pro
469 4550 571 4609 vestra
595 4547 756 4624 prudentia
776 4549 977 4625 perpendetis.
1018 4551 1135 4627 Tertio,
1158 4572 1227 4614 cum

105 4656 141 4715 in
172 4655 269 4716 medio
301 4656 433 4717 hostium
453 4656 545 4733 posili
566 4656 648 4735 silis,
677 4658 825 4734 quomodo
847 4677 901 4721 vos
922 4661 1064 4725 adversus
1084 4662 1152 4725 illos
1174 4663 1225 4724 de·
