3020 5360
489 510 531 552 sn
550 509 719 554 nseurmos
739 510 868 556 rursus
1198 496 1237 557 77

119 674 222 752 perae
241 677 273 734 a
287 643 459 752 aaaron
478 673 538 732 ooo
559 672 672 733 mortes
694 673 728 732 m
747 672 909 749 panaces
928 673 1015 751 pagis
1034 692 1143 752 egere,
1174 693 1236 736 non

118 783 207 858 potui
239 782 394 857 omittere,
425 783 500 862 quin
529 782 610 842 hunc
629 781 772 841 nuncium
793 781 996 842 incontinenti
1020 783 1134 845 advos
1153 784 1269 854 able·=

117 910 237 969 garam,
266 895 304 952 nt
323 892 361 950 de
380 892 520 969 operibus
540 891 665 964 vesum,
695 909 772 970 quae
792 909 864 967 prae
884 909 977 950 manu
998 894 1086 965 sunt,
1111 891 1155 952 sic
1175 893 1237 954 dig.
1353 883 1358 894 '

118 1001 254 1076 ponatis,
281 1019 340 1080 quo
363 1001 411 1060 vel
441 1004 566 1076 paratae
586 1000 834 1078 sint‘antequem
853 998 957 1074 copiae
978 997 1056 1058 istae
1079 1000 1238 1074 veneunt,

119 1111 167 1170 vel
187 1109 337 1186 imparata
356 1128 418 1169 non
438 1111 587 1184 noceant,
617 1109 644 1168 si
669 1108 743 1188 quid
765 1108 858 1167 otiam
879 1107 1012 1168 exercitu
1032 1111 1135 1169 vestro
1161 1112 1235 1171 autc

118 1219 233 1277 efficere
263 1214 422 1293 poteritis,
451 1234 489 1273 ne
520 1214 553 1273 in
584 1214 638 1272 illa
666 1232 699 1272 ro
719 1213 814 1274 ullam
834 1231 951 1272 moram
970 1213 1126 1290 accipiatis
1148 1218 1181 1275 et
1201 1219 1238 1276 ut

118 1327 239 1386 domino
259 1327 297 1384 do
320 1323 504 1384 Newenorth
526 1343 614 1384 omne
637 1323 783 1383 auxilium
805 1322 982 1399 praestetis,
1002 1342 1041 1383 ne
1062 1324 1114 1384 ille
1135 1325 1237 1401 oppri-
1269 1377 1273 1384 .

117 1439 228 1497 matur.
278 1435 408 1511 Expedit
437 1433 518 1494 enim
550 1433 666 1510 patriae
696 1436 819 1492 nostrae
849 1433 951 1508 potius
975 1432 1019 1492 ibi
1041 1453 1132 1512 quam
1153 1434 1237 1494 intra

117 1545 192 1605 fines
221 1548 341 1605 nostros
371 1543 486 1603 bellum
506 1543 589 1620 geri,
616 1541 794 1618 praesertim
816 1559 852 1600 ea
871 1541 992 1619 regione
1010 1544 1077 1620 jam
1097 1563 1152 1619 pro
1172 1558 1237 1604 rna·
1273 1600 1278 1604 .

114 1652 182 1728 jore
214 1656 301 1731 parte
334 1653 490 1712 destructa
520 1654 553 1711 et
578 1651 725 1710 desolata.
765 1650 903 1730 Denique
917 1652 961 1716 ,de
984 1651 1123 1712 omnibus
1147 1651 1237 1712 rebus

117 1761 203 1824 vobis
222 1761 421 1839 provideatis,
442 1778 517 1838 quas
537 1760 577 1818 ad
603 1759 807 1818 defensionem
828 1759 945 1836 patriae
965 1760 1078 1838 inquiri
1098 1779 1152 1822 voe
1175 1781 1237 1822 me-

117 1871 178 1931 lius
198 1890 289 1950 quam
303 1887 358 1948 ego
371 1868 552 1946 intelligitis.
595 1867 686 1946 Spem
705 1887 803 1928 meam
816 1869 854 1929 de
872 1869 928 1928 hae
942 1868 1035 1928 tertia
1048 1869 1235 1946 expeditione

114 1978 180 2053 jam
199 1980 270 2037 ante
289 1977 386 2038 literis
406 1976 481 2036 meis
500 1975 683 2056 quibusdam
703 1975 809 2036 amicis
830 1975 1014 2054 significavi,
1045 1978 1111 2038 fieri
1131 1981 1235 2040 temen

118 2089 233 2162 potest,
270 2086 441 2164 grauiorem
474 2103 601 2162 poenam
637 2085 754 2163 patriae
784 2089 906 2146 nostrae
940 2087 1038 2148 adhue
1068 2088 1233 2150 imminere.

120 2195 217 2265 Quare
239 2213 340 2254 omnes
365 2195 447 2257 uiros
467 2193 563 2255 bonos
584 2197 616 2256 et
636 2194 702 2271 pios
722 2194 755 2254 in
775 2194 857 2273 agn's
880 2195 1050 2256 admonitos
1070 2197 1175 2271 velim,
1198 2206 1233 2259 ut

119 2321 150 2362 se
173 2307 205 2363 et
234 2322 303 2378 sua,
335 2303 436 2382 aliquo
467 2302 601 2380 periculo
629 2303 823 2375 adveniente,
855 2304 889 2363 in
918 2303 1007 2363 urbes
1031 2305 1180 2381 recipiant
1200 2309 1233 2367 et

119 2415 316 2490 comportent.
358 2411 417 2483 oui
435 2413 525 2473 modo
546 2412 708 2474 adventuri
728 2416 813 2485 sunt,
834 2413 861 2472 si
883 2433 945 2474 non
965 2414 1027 2474 alio
1047 2416 1135 2475 modo
1148 2414 1231 2475 Deus

120 2525 259 2582 conatum
282 2540 385 2581 eorum
405 2521 591 2598 impedierit,
612 2521 700 2599 longe
721 2522 900 2583 crudeliores
920 2526 1026 2600 erunt,
1046 2543 1138 2605 quam
1157 2544 1232 2606 quos

119 2631 261 2692 hactenus
283 2631 398 2708 experti
419 2631 501 2692 estis.
541 2632 623 2691 Nam
641 2632 722 2692 inter
741 2632 796 2692 hos
815 2633 905 2693 multi
926 2633 1100 2710 scholarati,
1113 2634 1233 2695 banniti

119 2744 150 2801 et
178 2741 305 2801 essasini
335 2741 408 2802 Itali
439 2745 514 2802 sunt
548 2746 579 2802 ct
599 2743 700 2818 plures
721 2762 825 2802 eorum
848 2745 1029 2821 adveniunt,
1050 2746 1159 2826 quibus
1180 2765 1232 2806 rex

119 2853 148 2910 ot
171 2851 304 2926 pontifex
323 2851 538 2926 impmritatem
558 2852 723 2926 dederunt,
743 2852 832 2912 modo
852 2871 883 2912 so
903 2856 1042 2916 strenuos
1063 2856 1113 2915 vel
1131 2856 1232 2932 potius

25 3039 26 3042 Ἴ
120 2962 300 3046 praedones,
322 2960 475 3020 carnifices
494 2965 526 3020 et
546 2961 679 3020 latrones
699 2979 771 3036 erga
791 2978 846 3020 nos
865 2961 990 3022 miseros
1011 2981 1081 3022 suos
1094 2965 1232 3024 subditos

120 3069 316 3130 exhibuerint.
366 3070 515 3130 Dominus
551 3070 660 3130 Jhesus
684 3070 861 3130 misereatur
887 3073 994 3131 nostri.
1035 3072 1135 3132 Meam
1155 3076 1232 3133 hanc

120 3178 325 3254 scriptionem,
356 3180 625 3254 praemonitionem
656 3183 688 3240 et
722 3181 956 3242 sollicitudinem
980 3202 1015 3243 eo
1035 3181 1135 3243 animo
1157 3184 1236 3242 acci-

121 3287 223 3362 pietis,
253 3307 312 3364 quo
346 3307 365 3346 a
384 3309 432 3348 me
453 3309 488 3347 ex
510 3309 612 3352 amora
634 3291 750 3368 patriae
776 3299 805 3351 et
829 3295 929 3354 vostro
951 3291 1135 3352 factasunt.
1176 3291 1237 3352 Ubi

119 3396 281 3471 perieulum
303 3398 426 3473 propius
447 3417 519 3459 esse.
532 3400 651 3473 videro,
675 3402 780 3460 etheo
801 3401 887 3462 vobis
908 3401 1094 3480 significabo
1137 3402 1234 3463 Gene-

119 3523 217 3567 rosam
236 3504 424 3583 Dignitatem
445 3511 531 3568 tuam
552 3512 584 3568 et
605 3529 658 3570 vos
682 3511 841 3586 deputatos
865 3511 1052 3571 fidelissimos
1072 3512 1189 3588 gratiae
1203 3516 1235 3574 et

120 3615 348 3699 misericordiae,
368 3618 506 3694 Domini,
528 3623 576 3680 ‘ut
609 3621 642 3678 in
674 3639 709 3680 ee
744 3622 842 3698 agatis
874 3624 906 3682 ot
938 3621 1080 3694 valeatis,
1109 3623 1234 3698 supplex

121 3727 304 3786 commendo.

159 3835 298 3898 Coloniae
318 3839 446 3915 raptim,
469 3840 505 3899 11
527 3840 613 3900 Junii
635 3841 723 3900 1581.

158 4055 354 4132 Postseripta.
404 4057 554 4119 Hesterno
585 4058 703 4136 vesperi
736 4059 795 4118 huc
830 4058 954 4120 advenit
987 4058 1048 4117 dux
1081 4058 1245 4126 Bavariee,

119 4165 211 4226 frater
230 4167 319 4226 electi
339 4168 474 4244 episcopi
493 4168 669 4230 Leodiensis
693 4172 725 4230 et
746 4169 881 4228 marchio
902 4168 1149 4248 Lcuehtenberg,
1170 4188 1240 4230 cum
1353 4247 1355 4254 Ι

121 4292 227 4353 magno
259 4277 416 4338 comitatu.
467 4278 634 4356 Episcopus
665 4279 713 4339 die
741 4278 899 4340 Dominico
921 4278 1058 4355 proximo
1078 4279 1240 4340 introitum

121 4402 224 4459 suum,
244 4388 281 4447 ut
303 4390 430 4462 vocant,
461 4388 562 4448 faciet.
603 4389 769 4450 Deducturi
789 4408 859 4449 eum
880 4388 1039 4464 dicuntur,
1060 4407 1122 4449 non
1141 4388 1239 4450 solum

121 4495 289 4569 praedictus
321 4495 417 4556 frater
448 4499 480 4558 et
510 4497 604 4559 vicini
634 4498 800 4577 principes,
832 4499 885 4558 scd
915 4498 1007 4558 etiam
1038 4498 1099 4557 dux
1130 4498 1237 4558 Ericus

123 4603 376 4679 Brunswicensis,
397 4606 471 4666 item
491 4607 551 4666 dux
571 4607 803 4686 Lotaringieus,
824 4608 850 4669 si
873 4628 934 4670 non
948 4628 1049 4670 omnes
1062 4609 1096 4670 in
1110 4604 1239 4684 propriis
