3020 5360
301 567 341 628 90
672 591 809 634 ansanus
830 593 973 636 suarna·

256 835 259 838 Ι
307 762 383 806 meo.
424 745 507 807 Haec
528 766 624 825 pauca
644 751 683 810 ad
705 751 825 827 literas,
848 770 923 829 ques
944 771 1006 813 666
1025 753 1072 814 ita
1091 773 1186 831 nuper
1206 775 1260 832 per
1274 754 1421 817 Joanncm

258 937 260 946 ,
306 851 378 911 misi
396 853 506 915 addere
526 855 619 917 volui.

346 959 428 1022 Bene
448 964 516 1024 vale
535 964 584 1026 vir
604 966 786 1043 amplissime
808 971 839 1030 et
859 969 1046 1031 amicissime.

345 1068 459 1132 Amicis
478 1073 617 1135 omnibus
637 1077 775 1138 salutem.

346 1175 501 1257 Coloniae,
525 1183 562 1245 17
584 1185 738 1248 Decembr.
761 1188 852 1250 Anno
875 1188 964 1263 1581.

249 1791 252 1806 '
307 1796 355 1858 13.
715 1819 873 1866 amasam
893 1821 1024 1865 666666.

794 2059 798 2076 ἱ
1031 1982 1126 2058 Κ116,
1144 1983 1182 2045 28
1203 1983 1273 2047 166.
1295 1984 1382 2046 1582.

346 2082 425 2163 (1166
445 2086 464 2148 8
485 2086 572 2152 Febr.
595 2091 637 2152 all
656 2091 869 2172 upgsbrocken
889 2093 1098 2173 emphangsn).

346 2293 491 2358 Salutem.
532 2298 667 2377 Accepta
685 2303 858 2380 syngrapha
877 2303 916 2362 ad
936 2304 1133 2365 mercatorem
1151 2301 1234 2378 misi,
1254 2289 1421 2380 qui'statim

308 2423 375 2465 eam
406 2407 532 2486 agnovit
555 2411 587 2470 et
616 2411 797 2472 solutionem
819 2411 981 2489 inscriptae
1002 2431 1136 2472 summae
1157 2430 1211 2472 suo
1231 2411 1279 2471 116
1303 2411 1422 2473 obtulit.

308 2513 481 2592 Expectabo
502 2535 598 2594 6666,
620 2539 709 2596 quem
730 2523 871 2582 eventum
892 2519 999 2598 petitio
1018 2521 1152 2598 reliquae
1165 2520 1310 2599 pecuniae
1323 2523 1423 2584 vestra
1492 2593 1493 2610 ¹

309 2644 401 2703 opera
431 2629 629 2689 consecutura
659 2629 710 2690 sit.
750 2629 788 2690 In
814 2630 937 2707 politico
958 2631 1012 2690 illo
1033 2631 1156 2710 negocio
1176 2650 1237 2692 non
1258 2632 1421 2694 66161666-

308 2734 381 2795 dum
415 2756 525 2799 meum.
577 2737 731 2800 Sollicitus
763 2759 828 2800 sum
860 2741 897 2800 de
928 2741 1116 2816 separatione
1146 2740 1321 2819 1616,6666
1344 2741 1421 2802 inter

305 2843 502 2908 Hollandiam
534 2851 565 2910 61
593 2850 708 2928 patrias
734 2853 854 2911 nostras
876 2849 958 2912 facta
978 2853 1039 2924 661,
1063 2869 1139 2927 quac
1161 2850 1308 2927 expressis
1332 2850 1419 2911 etism

307 2956 407 3020 verbis
439 2959 472 3020 in
503 2959 631 3020 articulo
652 2960 811 3021 undecimo
833 2961 1103 3036 comprehenditur.
1144 2959 1202 3020 Scri
1223 2963 1254 3021 61
1275 2959 1418 3021 6611161166
1489 3017 1490 3022 ,

307 3084 390 3156 sum,
420 3088 480 3148 quo
512 3088 544 3129 se
576 3071 653 3131 aliae
683 3070 856 3148 provinciae
887 3070 1093 3142 inclinabunt,
1127 3088 1204 3146 quae
1224 3069 1257 3129 in
1278 3069 1418 3129 articulos

304 3177 374 3238 illos
397 3199 459 3242 non
483 3185 708 3242 consenserunt.
750 3181 827 3253 Quid
850 3177 1418 3260 6661161616616166666,6611661161

305 3290 404 3351 nostri
423 3290 520 3351 lutum
539 3291 695 3365 ridemur,
717 3291 878 3366 electione,
900 3291 1007 3368 scripsi
1017 3291 1082 3367 1666
1096 3293 1166 3350 ante
1180 3291 1219 3350 ad
1234 3289 1326 3365 alios,
1346 3305 1417 3368 quas
1487 3299 1488 3302 ’

304 3397 409 3462 literas
430 3400 529 3460 nescio
550 3419 591 3460 66
608 3398 666 3459 tibi
686 3399 980 3460 communicaverim.
1021 3399 1159 3472 Summa,
1175 3398 1252 3475 Cyro
1266 3397 1353 3458 nobis
1366 3395 1416 3456 ali·

305 3529 365 3592 666
397 3527 471 3586 opus
503 3511 562 3583 est,
595 3511 665 3584 opto
686 3512 721 3569 ut
741 3509 791 3569 vel
812 3508 900 3570 ambo
925 3509 974 3570 vel
996 3509 1073 3568 alter
1099 3527 1134 3569 ex
1154 3507 1192 3568 116
1214 3507 1265 3568 ille
1290 3508 1347 3583 sit,
1369 3506 1416 3568 sed

306 3614 415 3696 auceps
449 3618 584 3680 definitio
617 3622 672 3679 est.
723 3619 866 3680 Nondum
897 3617 1112 3696 intelligimus,
1142 3617 1292 3696 principes
1319 3618 1414 3679 aDeo

305 3727 450 3806 petendos
481 3746 544 3789 esse
574 3727 751 3805 praesertim
783 3728 839 3789 hoe
860 3731 1013 3805 tempore,
1033 3747 1092 3807 666
1113 3727 1248 3789 vindicta
1268 3729 1304 3788 16
1324 3727 1415 3788 abusu
1484 3713 1485 3716 '

305 3856 410 3898 eorum
433 3839 573 3900 sumitur.
614 3838 723 3910 Quales
745 3839 807 3900 sint
827 3842 984 3916 potentes,
1006 3839 1201 3900 manifestum
1228 3839 1294 3898 fieri
1312 3836 1414 3916 incipit

303 3948 357 4009 661
376 3948 530 4030 plaerique
546 3947 667 4026 judiciis
687 3947 744 4009 Dei
764 3949 806 4010 616
827 3951 972 4024 utuntur,
993 3948 1080 4028 66661
1102 3948 1264 4009 extollendi
1283 3966 1345 4008 non
1362 3947 1413 4006 im·

303 4059 459 4144 minuendi
483 4059 561 4135 sint,
581 4060 638 4119 hoc
657 4062 703 4120 cst
727 4062 851 4137 propter
874 4059 1034 4119 malefacta
1056 4077 1112 4118 sua
1137 4077 1198 4118 666
1219 4057 1337 4135 puniri,
1368 4053 1413 4118 661

302 4168 444 4245 praemiis
474 4170 552 4230 affici
583 4171 721 4231 debeant.
764 4169 808 4229 Ac
837 4172 939 4230 metuo
960 4169 1018 4228 Dei
1038 4170 1229 4230 voluntatem
1249 4168 1338 4245 longe
1358 4164 1411 4226 alio

302 4277 449 4354 respicere
479 4282 643 4358 nostraque
671 4278 795 4339 consilia
818 4297 879 4338 non
903 4297 956 4355 per
974 4278 1075 4339 omnia
1101 4279 1130 4338 ei
1151 4276 1346 4355 respondere,
1367 4271 1412 4336 sed

302 4385 340 4445 16
363 4385 419 4446 hac
439 4405 472 4446 re
495 4387 570 4446 alias
591 4387 695 4447 latius.
736 4387 821 4456 Quod
842 4389 877 4446 tu
898 4389 967 4448 1666
987 4405 1108 4462 mones,
1130 4388 1166 4447 16
1190 4405 1225 4446 66
1246 4386 1338 4446 etiam
1354 4386 1412 4462 jam

302 4494 420 4573 pridem
441 4495 480 4554 61
501 4514 582 4556 moos
603 4495 723 4573 scripsi,
739 4513 842 4556 earum
862 4495 1021 4557 literarum
1036 4497 1188 4573 exemplar
1202 4496 1241 4555 acl
1255 4497 1285 4555 te
1301 4507 1410 4573 666666

301 4604 458 4680 miseram,
490 4605 541 4666 661
570 4605 771 4682 interceptum
801 4605 861 4665 fuit
881 4624 991 4684 magno
1015 4624 1081 4666 meo
1105 4605 1246 4684 periculo
1289 4603 1432 4664 Ordine·—

299 4714 414 4776 tionem
435 4713 566 4776 vestram
589 4711 730 4773 debonis
752 4711 958 4774 ecclesiasticis
979 4712 1109 4773 libenter
1122 4729 1308 4790 cognoscam.
1332 4704 1409 4781 Quod
