3028 5348
285 533 323 591 62
705 545 838 588 rosanus
863 545 992 587 suenni.

283 726 340 786 ago
361 726 415 786 per
437 708 593 768 dominum
614 707 782 767 Adrianum
803 724 863 767 van
884 707 936 766 der
956 705 1076 782 Mylan,
1097 705 1150 785 qui
1170 707 1296 766 intimus
1309 705 1414 783 ipsius

286 820 333 877 est
353 818 555 891 consiliarius,
578 817 703 876 etmihi
728 831 868 892 syncerus
890 815 1025 889 amicus,
1046 815 1089 875 616
1110 816 1202 875 etiam
1213 816 1338 876 nomine
1354 819 1413 876 tuo

285 927 421 988 facturus
453 948 528 989 sum.
572 925 630 986 Sed
661 929 732 986 ante
765 926 865 985 omnia
889 925 1036 985 resolvere
1067 925 1148 1002 apud
1178 928 1209 985 te
1230 925 1336 997 debes,
1361 925 1415 986 eui

286 1038 402 1097 muneri
422 1036 612 1114 potissimum
632 1034 766 1093 animum
780 1037 868 1094 tuum
882 1033 1041 1109 adjeceris,
1057 1034 1088 1093 et
1101 1033 1133 1091 16
1147 1033 1244 1110 speeie
1258 1034 1414 1110 quidnam

284 1147 385 1220 petere
407 1145 444 1204 ab
465 1164 499 1204 eo
521 1142 719 1220 proposueris.
761 1143 840 1202 Nam
861 1141 892 1200 16
912 1141 1113 1219 generofaota
1133 1143 1410 1215 commendatione,

287 1272 348 1314 non
368 1254 429 1312 alia
446 1272 512 1312 eam
532 1252 701 1328 responsio,
723 1271 814 1331 quam
828 1252 861 1311 16
874 1270 981 1328 genere
995 1253 1208 1329 consequetur,
1223 1270 1301 1330 quae
1314 1254 1413 1328 paulo

288 1367 358 1440 poet
385 1362 534 1423 oblivione
562 1362 711 1422 obruitur.
752 1361 819 1422 Nisi
847 1363 885 1420 ad
909 1361 1072 1438 pristinum
1096 1364 1185 1420 tuum
1207 1362 1340 1422 officium
1362 1382 1413 1421 re·

289 1472 392 1544 (lieris,
415 1470 490 1529 nihil
513 1471 634 1545 malim,
656 1489 746 1549 quam
767 1472 815 1530 vcl
839 1472 1008 1529 senatorem
1029 1472 1061 1528 te
1083 1469 1163 1547 apud
1183 1487 1239 1529 nos
1260 1469 1345 1542 fieri,
1361 1470 1414 1529 vel

288 1581 322 1638 in
352 1581 455 1638 utrum
487 1599 522 1639 ex
554 1579 669 1638 duobus
691 1579 778 1656 eligi,
807 1578 859 1657 qui
887 1577 1030 1637 assistent
1053 1577 1085 1636 in
1105 1576 1231 1637 coneilio
1251 1577 1312 1637 isto
1338 1577 1413 1638 Sta·

289 1691 391 1763 tuum,
412 1689 492 1768 quod
520 1690 557 1748 16
579 1707 658 1749 novo
682 1707 763 1794 6666
785 1688 995 1747 confirmatum
1019 1689 1076 1746 est.
1117 1686 1215 1746 Debet
1235 1686 1315 1746 enim
1338 1707 1414 1763 pro·

289 1797 388 1858 vincia
418 1799 520 1857 vestra
552 1798 626 1856 duos
657 1796 821 1855 nominare.
873 1795 958 1866 Quod
990 1795 1028 1854 ad
1041 1843 1044 1848 .
1059 1814 1107 1854 me
1128 1795 1240 1856 attinet
1259 1796 1414 1858 hactenus
1439 1849 1442 1862 .

289 1924 352 1979 me,
373 1925 410 1965 66
431 1905 565 1965 intersim
587 1905 646 1980 illi,
668 1905 748 1983 apud
772 1912 889 1965 nostros
910 1904 1065 1979 excusavi,
1087 1904 1158 1982 quia
1181 1904 1315 1965 incertus
1341 1925 1414 1966 sum

291 2015 327 2074 de
350 2016 406 2074 Dei
426 2015 599 2087 voluntate,
621 2014 721 2074 animo
743 2015 835 2074 etiarn
854 2033 921 2072 meo
943 2013 981 2073 ad
1001 2012 1109 2073 bellica
1122 2013 1261 2090 negocia,
1276 2032 1414 2092 quorum

292 2099 436 2185 tractatio
466 2124 625 2201 praecipue
655 2123 779 2184 concilio
800 2123 852 2182 isti
872 2121 1019 2183 incumbit
1040 2140 1102 2182 non
1123 2123 1198 2182 satis
1219 2123 1414 2186 confirmato.

291 2233 495 2294 Nihilominus
520 2234 546 2293 si
570 2232 677 2293 scirem
697 2253 745 2292 me
770 2232 884 2311 aliquid
904 2231 976 2291 boni
1000 2231 1055 2291 sub
1076 2234 1236 2309 praetextu
1255 2233 1350 2294 istius
1373 2236 1416 2295 ti·

292 2343 350 2409 tuli
381 2343 420 2401 ad
450 2343 571 2401 laudem
594 2341 665 2415 Dei,
689 2341 727 2400 ad
749 2341 967 2416 promotionem
992 2341 1145 2416 veritatis,
1166 2342 1284 2418 piorum
1306 2344 1416 2405 defen·

293 2451 421 2525 sionem,
442 2453 533 2529 atque
547 2450 586 2508 ad
603 2450 732 2509 salutem
745 2449 925 2525 reipublicae
938 2452 1059 2509 nostrae
1074 2469 1160 2528 agere
1174 2469 1275 2526 posse,
1290 2453 1416 2514 nullum

293 2560 425 2619 laborem
447 2561 501 2618 aut
519 2558 686 2618 molestiam
711 2558 919 2618 detrectarem.
960 2556 1018 2616 Sed
1042 2559 1150 2636 exigua
1170 2560 1267 2620 adhuc
1289 2581 1320 2620 66
1345 2583 1416 2640 spes

294 2670 397 2741 offert,
419 2668 456 2727 ad
476 2667 548 2727 boni
571 2668 698 2754 alicujus
720 2667 972 2742 aedificationem,
994 2667 1047 2727 ubi
1072 2687 1107 2728 ea
1131 2669 1278 2730 affulserit
1299 2673 1334 2730 et
1350 2672 1417 2732 Do-

292 2778 392 2836 minus
413 2795 480 2836 mea
501 2794 591 2851 opera
612 2776 658 2834 uti
679 2774 770 2849 velit,
792 2774 877 2835 dabit
898 2775 961 2834 6166
982 2775 1073 2835 dubio
1088 2779 1154 2836 tum
1168 2776 1317 2853 animum,
1335 2800 1416 2860 qua

291 2889 351 2946 lem
385 2889 421 2946 tu
453 2885 526 2945 mihi
556 2886 620 2961 jam
641 2885 744 2945 adesse
766 2885 912 2960 postulas.
952 2884 1020 2962 Ago
1041 2883 1170 2946 Domino
1193 2887 1255 2947 Deo
1275 2890 1417 2965 gratias,

292 2995 373 3077 quod
402 2994 435 3053 16
466 2993 534 3070 ipsa
561 2993 690 3054 veritate
714 2993 810 3070 magis
835 3011 870 3052 ac
890 2993 986 3070 magis
1010 2993 1202 3056 confirmeris.
1243 2997 1417 3078 Nunquam

293 3102 476 3183 splendidius
490 3103 544 3162 1116
564 3103 677 3174 616661,
700 3119 790 3178 quam
806 3101 912 3160 sicum
926 3101 1063 3162 doctrina
1077 3102 1204 3163 aliorum
1218 3105 1416 3183 conseratur,

291 3233 367 3294 quae
390 3233 461 3272 sane
483 3214 620 3288 respectu
640 3211 723 3270 illius
746 3211 887 3272 tenebrae
909 3211 969 3270 dici
988 3215 1119 3290 queunt,
1152 3204 1226 3292 quas
1248 3217 1429 3292 paullatim

291 3342 375 3401 spero
397 3323 535 3398 dispellet
556 3320 720 3392 Dominus,
742 3320 794 3380 ubi
814 3320 923 3396 majori
946 3321 1012 3381 luce
1034 3324 1065 3382 et
1087 3323 1186 3399 gratia
1206 3323 1336 3386 invisere
1358 3346 1417 3388 nos

289 3433 443 3509 inceperit.
495 3431 620 3490 Utinam
653 3432 765 3490 efficere
796 3432 908 3507 possis,
936 3435 972 3492 ut
992 3431 1129 3492 Werneri
1154 3435 1297 3508 Postilla,
1319 3442 1417 3498 aucta
1457 3496 1460 3507 ,

290 3522 488 3618 explicatione
519 3539 713 3615 epistolarum
745 3542 776 3599 et
805 3540 939 3599 locorum
962 3542 1184 3617 communium,
1206 3544 1317 3604 alicubi
1340 3566 1415 3622 pro-

290 3653 457 3711 moveatur.
498 3649 715 3726 Typographue
735 3649 920 3709 uberrimum
941 3655 1100 3729 quaestum
1117 3652 1311 3730 impressione
1325 3655 1415 3716 illius

290 3759 387 3819 facere
408 3757 512 3834 possit.
553 3757 633 3815 Nam
652 3776 706 3816 666
727 3758 791 3817 6116
813 3758 924 3818 veteris
946 3758 1086 3818 editionis
1110 3761 1238 3837 amplius
1258 3766 1416 3841 exempla-

289 3867 336 3927 ria
354 3865 568 3941 inveniuntur,
590 3870 621 3926 61
642 3885 660 3925 6
680 3867 785 3926 multis
797 3868 930 3946 quotidie
943 3871 1129 3946 quaeruntur
1143 3874 1174 3930 et
1187 3871 1415 3936 desiderantur.

289 3978 391 4039 Habes
415 3971 592 4053 responsuri¹
611 3977 649 4035 ad
670 3977 782 4052 primas
799 3979 868 4037 tuas
890 3977 1010 4052 literas,
1031 3997 1108 4057 quae
1130 3981 1259 4056 scriptae
1281 3986 1357 4045 sunt
1374 3985 1413 4044 17

285 4085 452 4148 Februarii.

311 4275 312 4280 η
330 4197 379 4256 Ad
402 4213 482 4257 nova
507 4215 584 4272 quae
604 4195 636 4254 in
657 4194 795 4254 secundis
819 4195 1006 4271 referuntur,
1026 4197 1108 4257 idem
1127 4201 1208 4276 quod
1229 4204 1413 4279 supradixi,

291 4308 364 4367 sunt
382 4305 436 4363 illa
453 4304 519 4380 jam
542 4306 645 4366 vetera
665 4306 696 4363 ct
716 4303 841 4363 meliora
861 4285 1162 4383 multasubsequuta
1183 4311 1269 4384 sunt,
1291 4311 1328 4370 de
1344 4316 1413 4389 qui·

290 4417 346 4476 bus
370 4413 601 4493 particulariora
626 4431 643 4471 a
664 4414 694 4472 te
719 4415 750 4472 et
774 4412 812 4471 ab
834 4413 902 4473 aliis
927 4416 1098 4490 expectabo.
1140 4415 1225 4487 Quod
1246 4420 1350 4480 tamen
1372 4426 1414 4484 61

289 4525 419 4586 rusticos
444 4527 510 4584 tum
534 4526 667 4598 vestros,
695 4526 762 4582 tum
782 4527 902 4585 nostros
923 4526 1049 4598 attinet,
1081 4527 1180 4587 nescio
1202 4546 1242 4588 an
1261 4549 1323 4591 non
1345 4553 1413 4595 ms·

291 4636 349 4695 lius
363 4626 367 4630 ’
380 4633 490 4694 facturi
519 4635 633 4706 essent,
655 4633 837 4697 conservatis
858 4637 889 4694 et
909 4635 1018 4696 ablatis
1038 4636 1091 4709 iis,
1113 4656 1190 4712 queo
1215 4657 1286 4716 prae
1311 4660 1411 4703 manu

790 4852 809 4885 11
