3020 5360
561 539 647 582 srxno
667 543 687 583 a
707 539 840 582 naemu.
1199 521 1257 584 149

137 699 210 760 illas
239 702 341 776 partes
373 698 540 759 communis
573 699 663 759 amici
693 698 839 760 Albudae.
880 699 1005 762 Utinam
1024 703 1090 761 tum
1113 719 1180 761 enm
1201 719 1263 761 una
1330 741 1334 752 ·

141 806 217 866 alibi
251 805 445 867 offendamus.
495 804 622 864 Publica
657 806 819 865 incertiora
850 808 882 864 et
913 805 1050 866 tristiora
1079 807 1264 883 prohdolor

140 917 231 987 sunt,
262 931 354 989 quam
387 915 423 973 ut
454 913 613 990 utriusque
634 917 773 974 nostrum
796 914 931 974 animum
953 933 1100 992 occupare
1121 916 1261 978 debeant.

138 1023 186 1083 De
218 1026 249 1082 et
279 1041 348 1081 cum
379 1021 484 1094 Gallo,
519 1023 695 1084 absolutum
715 1023 874 1100 imperium
895 1023 928 1083 in
950 1024 1121 1100 provinciae
1141 1044 1262 1097 omnes,

141 1150 181 1191 ne
212 1131 375 1192 Hellandia
406 1131 528 1209 quidem
548 1132 702 1192 Zellandia
725 1130 857 1208 exceptis
879 1134 910 1192 et
931 1133 1086 1209 presidum
1107 1153 1122 1194 e
1143 1135 1209 1194 suis
1229 1135 1263 1196 in

142 1241 292 1319 precipuis
314 1242 458 1319 cujusque
480 1241 652 1318 provinciae
674 1241 799 1300 urbibus
821 1240 952 1319 imponi,
965 1243 1138 1318 postulante
1152 1262 1263 1322 magna

141 1349 241 1408 adhuc
273 1351 465 1410 contentione
497 1350 621 1427 Delphis
650 1351 761 1429 agitur.
813 1350 875 1410 Nec
900 1338 966 1410 ulla
986 1352 1047 1410 alia
1066 1352 1173 1412 salutis
1194 1371 1261 1429 spes

141 1459 277 1536 atlnlget.
334 1447 568 1533 ¹(iaudat-enses,
610 1457 832 1531 Brurulenses,
873 1458 1102 1520 Mechlinienses
1137 1461 1261 1522 cessisse

141 1569 238 1644 hosti,
260 1573 331 1630 sunt
351 1569 404 1646 qui
425 1572 579 1641 asserunt,
609 1569 662 1629 ulii
684 1571 813 1646 negant,
835 1570 906 1629 utut
926 1569 982 1644 sit,
1004 1572 1138 1630 extrema
1158 1589 1261 1630 earum

143 1681 300 1740 calamitae
330 1699 403 1756 prae
425 1678 540 1738 foribus
562 1680 623 1750 est,
658 1678 710 1738 sed
730 1680 762 1738 et
781 1677 966 1754 Antverpiae
987 1678 1137 1755 trepidare
1159 1680 1261 1741 viden·

142 1792 203 1850 eur.
254 1789 311 1848 na
343 1788 516 1860 canemus,
548 1787 621 1864 quid
653 1787 688 1846 ae
714 1785 851 1860 cedria,
875 1786 1102 1848 Transisulania
1122 1775 1154 1848 si
1174 1789 1260 1850 nobis

143 1899 360 1974 expectandum
381 1897 436 1972 sit,
461 1897 536 1956 satis
557 1896 718 1974 intelligis,
741 1896 800 1955 nisi
825 1896 1002 1956 miraculose
1022 1897 1104 1957 Dens
1124 1897 1258 1958 hostium

141 2007 301 2069 victoriam
332 2009 363 2066 et
384 2025 503 2066 cursum
525 2005 711 2080 impedierit,
743 2004 824 2080 quod
844 2004 980 2081 equidem
1003 2008 1128 2082 propter
1148 2006 1259 2066 doctri·

141 2136 212 2178 nam
232 2120 263 2176 et
282 2134 380 2175 mores
402 2118 521 2175 nostros
540 2113 592 2174 vix
612 2131 732 2189 sperare
754 2113 835 2172 lieet.
876 2112 926 2171 Ad
945 2132 1064 2174 crucem
1082 2114 1185 2190 itaque
1198 2133 1260 2175 non

141 2244 320 2303 praeparare
342 2243 460 2286 neeesse
483 2223 558 2297 erit,
580 2222 717 2298 subque
739 2223 828 2300 longe
849 2223 950 2298 plures
970 2223 1117 2284 Dominus
1136 2223 1259 2284 lucrifa-

142 2355 210 2395 cere
241 2337 333 2410 solet,
364 2354 455 2413 quam
486 2334 511 2395 si
541 2332 694 2393 beneficiis
725 2351 781 2392 nos
802 2332 927 2405 efficiat,
948 2335 1039 2410 atque
1059 2333 1176 2418 utinam
1196 2352 1259 2395 non

140 2445 246 2504 durius
267 2463 322 2504 nos
341 2446 433 2520 atque
455 2442 546 2502 etiam
566 2440 656 2501 citius
677 2460 768 2518 quam
796 2440 986 2500 adversarios
1005 2443 1127 2501 nostros
1147 2441 1256 2518 puniat

141 2555 178 2616 ob
200 2552 450 2632 ingratitudinem
470 2554 621 2623 nostram,
644 2553 890 2626 contentumque
912 2549 1035 2609 obortae
1052 2550 1128 2610 lueis
1142 2552 1173 2610 et
1187 2569 1257 2628 gra-

140 2665 212 2725 tiae.
262 2662 320 2722 Sed
351 2662 425 2723 haec
446 2661 503 2721 tibi
525 2661 686 2739 cogitanda
707 2659 853 2736 relinquo.
894 2658 977 2718 Deus
997 2660 1079 2719 solus
1099 2659 1256 2734 periodum

140 2777 312 2835 nostrornm
342 2750 490 2833 malorum
520 2771 609 2832 novit
640 2774 671 2831 et
702 2769 872 2831 constituit.
913 2768 944 2829 Is
965 2769 1116 2848 rogandus
1137 2771 1200 2844 est,
1219 2772 1280 2831 ut.

141 2883 295 2944 caecitatis
325 2885 358 2942 et
388 2883 527 2942 miseriae
554 2883 675 2942 nostrae
704 2881 828 2940 tandem
859 2879 1053 2952 misereatur,
1075 2881 1106 2939 et
1125 2881 1256 2942 seeundo

140 2994 266 3071 adjiciat
296 3013 419 3054 manum
449 3013 535 3054 suam
562 2994 653 3068 juxta
682 2991 863 3053 vaticinium
892 2990 1000 3050 Esaiae
1030 2988 1194 3068 prophetae
1216 2987 1256 3048 ad
1324 3015 1327 3028 ·

140 3105 374 3182 recolligendum
393 3103 535 3181 profugas
556 3103 664 3162 domus
684 3101 822 3175 Israelis,
843 3103 875 3160 et
888 3100 1037 3176 dispersas
1050 3098 1149 3160 tribus
1161 3097 1255 3158 Jehn·

140 3213 196 3275 dae
227 3232 247 3272 a
266 3215 398 3290 quatuor
429 3211 548 3290 angulis
568 3214 676 3273 terrae.
717 3209 796 3270 Veni
815 3209 889 3283 cito,
914 3207 1042 3268 Domine
1062 3206 1156 3300 ιῐθειι,Ι
1171 3206 1256 3283 veni,

139 3303 246 3386 Amen.

179 3434 261 3493 Bene
285 3432 369 3508 vale,
390 3430 562 3491 honorande
583 3427 711 3488 Domine
732 3430 763 3487 et
784 3427 817 3486 in
835 3424 954 3486 Christo
974 3424 1048 3487 Jesu
1062 3425 1254 3487 dilectissime

138 3541 250 3616 frater,
271 3561 360 3617 quem
381 3557 503 3616 precor,
524 3541 560 3598 ut
579 3556 634 3597 uos
658 3537 792 3613 quotidie
811 3536 844 3594 in
864 3553 935 3596 vera
953 3535 1011 3594 fide
1031 3535 1127 3613 magis
1141 3555 1176 3596 ac
1190 3555 1254 3595 ma-

138 3651 185 3728 gis
216 3651 397 3728 conjungat,
429 3652 460 3709 et
491 3646 652 3723 utrobique
680 3665 733 3706 suo
755 3645 865 3722 spiritu
886 3647 918 3703 et
937 3644 1038 3722 gratia
1058 3643 1144 3705 nobis
1164 3645 1253 3705 adsit.

137 3759 232 3819 Uxori
263 3758 419 3835 charisque
450 3757 532 3821 natis
563 3773 681 3815 omnem
705 3753 845 3814 similiter
865 3772 884 3812 a
903 3771 951 3812 me
972 3770 1082 3829 quaeso
1103 3769 1252 3826 amorem,

138 3852 268 3930 salutem
288 3872 320 3928 et
338 3866 553 3938 reverentiam,
573 3867 661 3925 utet
682 3863 803 3922 domino
824 3861 949 3921 Wiarda
961 3861 992 3938 1)
1014 3861 1179 3938 ceterisque
1198 3880 1253 3922 uo·

139 3977 193 4038 tis..
231 3976 374 4036 Salutant
392 3994 447 4038 vos
469 3974 681 4034 officiosissime
701 3971 868 4049 patrueles,
890 3969 998 4047 quibus
1018 3972 1141 4046 propter
1160 3970 1253 4028 relec-

137 4087 252 4147 tionem
284 4090 315 4146 et
345 4085 536 4145 collationem
560 4083 667 4144 horum
688 4085 810 4142 tuorum
832 4080 1014 4155 scriptorum
1035 4079 1153 4154 aliquot
1171 4097 1252 4138 nuuc

138 4195 244 4255 diebus
263 4194 361 4269 adfui,
381 4194 455 4255 item
476 4195 617 4269 parentes
638 4191 713 4264 mei,
735 4190 904 4265 caeterique
926 4189 1002 4249 noti.

178 4303 303 4379 Raptim
322 4303 504 4364 Leoverdiae
525 4301 564 4360 24
584 4300 629 4362 St.
650 4295 688 4358 V.
711 4299 799 4360 1584.

444 4411 527 4470 Tuus
548 4429 585 4469 ex
604 4409 706 4469 animo
727 4409 759 4469 si·
773 4425 907 4484 unquam
927 4425 1000 4468 suus
1021 4423 1110 4482 quem
1128 4405 1212 4466 nosti

854 4515 893 4578 D.
913 4518 948 4578 Β.
968 4529 972 4536 ’

134 4605 338 4626 ...h-

170 4661 196 4724 1)
229 4659 280 4708 Der
293 4657 397 4709 Kenrlcr
413 4656 496 4708 Bueho
513 4651 618 4706 Wiarda.
