3020 5360
270 482 329 544 116
686 494 839 540 morinos
855 493 976 540 urmes.
1092 563 1099 575 .

264 663 296 722 et
318 661 456 737 prompte
475 657 631 719 subiturus
651 659 719 719 sim.
759 655 845 728 Quod
864 654 897 716 in
915 655 1032 716 ultimis
1060 655 1158 716 literis
1177 655 1254 718 mais
1275 655 1392 728 metui,

186 755 193 772 ’
263 769 295 830 id
311 769 378 845 jam
399 767 461 828 ficri
483 766 609 844 incipit,
641 785 712 826 uam
736 766 832 826 altero
853 765 917 837 die,
949 784 1009 845 qno
1031 765 1093 825 ista
1114 764 1293 842 scripseram
1316 763 1392 824 cho-

264 877 449 954 riepiscopus
472 871 550 934 Saxo
573 872 609 931 de
630 870 834 948 Laueuburg,
865 869 1042 946 oppidulum
1067 872 1098 930 et
1122 888 1223 932 arcem
1250 868 1391 930 Keizers-
1499 897 1500 900 ¹

264 989 341 1048 wart
365 982 536 1060 occupavit.
577 979 701 1042 Elector
725 979 835 1042 Bonna
858 978 997 1040 discessit
1018 982 1049 1040 et
1062 979 1213 1052 nescitur,
1229 998 1290 1056 quo
1304 978 1391 1039 abic-

263 1096 306 1155 ril
327 1093 528 1172 (suspicamur
548 1095 652 1152 autem
672 1090 923 1169 Dilenburgum),
943 1091 1050 1150 relicto
1069 1090 1164 1150 fratre
1185 1091 1251 1167 ojus
1274 1089 1389 1150 (larolo

264 1203 376 1263 ibidem
400 1202 433 1261 in
454 1200 629 1277 praesidiis,
650 1217 705 1260 nco
729 1198 862 1259 arbitror
881 1199 962 1279 quod
980 1201 1053 1258 aute
1075 1217 1106 1258 se
1121 1199 1276 1273 ostendet,
1293 1217 1390 1275 quam
1500 1243 1501 1282 ,

265 1311 366 1389 copias
391 1328 461 1370 suas
484 1312 607 1386 paratas
631 1307 758 1380 habeat,
787 1326 863 1386 quae
884 1308 1017 1383 undique
1038 1308 1071 1368 in
1092 1307 1255 1368 Germania
1282 1307 1390 1386 colligi

265 1422 297 1479 ct
317 1417 494 1496 praeparari
514 1417 668 1477 dicuutur.
719 1415 833 1494 Magna
852 1435 900 1476 me
925 1435 994 1492 spes
1016 1415 1122 1490 habet,
1146 1417 1226 1493 quod
1245 1418 1302 1476 boc
1321 1416 1391 1475 bel·

264 1529 329 1586 lum
353 1526 435 1586 vism
457 1524 544 1584 nobis
565 1524 773 1602 praeparabit,
795 1524 904 1601 quibus
925 1524 964 1583 ad
985 1543 1090 1601 pacem
1111 1525 1234 1585 tandem
1247 1543 1302 1601 per
1314 1543 1390 1603 gra·
1501 1579 1502 1588 ,

266 1637 343 1698 tiam
360 1637 392 1694 ot
416 1634 652 1695 misericordiam
672 1634 728 1693 Dei
748 1633 970 1709 perveniemus.

305 1744 421 1804 Datum
443 1743 459 1802 7
482 1743 571 1804 Febr.
593 1742 650 1804 Ao.
674 1742 763 1802 1583.
829 1760 831 1764 ·

728 2049 920 2066 -δ--ι--ιι

266 2304 315 2365 69.
519 2301 642 2360 Litterae
662 2317 792 2360 annum
812 2317 902 2360 nrm
922 2317 964 2360 ao
985 2317 1138 2360 arenosa.

909 2477 1081 2556 Autwerp„
1103 2479 1139 2538 31
1162 2477 1231 2574 Jan.
1254 2479 1346 2539 1583.

305 2654 449 2714 Salutem.
475 2653 566 2714 Binas
587 2656 656 2714 tuas
675 2655 781 2714 literas
803 2673 879 2731 quas
900 2658 971 2731 post
991 2658 1149 2732 acceptum
1170 2655 1207 2716 de
1228 2655 1315 2716 ducis
1337 2655 1390 2716 in·

265 2740 362 2841 oopco'
372 2762 514 2823 nuntium
537 2764 655 2840 accepi,
678 2762 787 2839 quibus
807 2765 871 2840 jam
894 2764 928 2823 in
951 2764 1109 2841 procinctu
1129 2764 1162 2824 in
1182 2763 1385 2824 Hollaudiam
1504 2811 1505 2818 ,

265 2872 454 2949 profecturus
484 2874 664 2950 respondeo,
697 2892 773 2950 quae
805 2892 853 2932 res
885 2893 933 2933 me
963 2873 1131 2934 breviorem
1162 2873 1195 2933 in
1225 2873 1385 2934 scribendo

263 2982 365 3042 faciet.
406 2983 460 3042 Pie
483 2985 520 3041 tu
539 2982 662 3058 quidem
683 2985 714 3042 et
734 2981 898 3058 prudenter
917 3001 1021 3043 moues
1043 2986 1135 3060 etque
1157 3001 1211 3061 ego
1236 2983 1329 3043 otiam
1351 2983 1385 3043 in

265 3111 301 3151 ea
326 3111 396 3152 cum
419 3091 570 3151 contentia
589 3090 647 3149 Dei
671 3090 827 3150 voluntati
848 3089 904 3150 hoo
928 3092 1087 3168 negocium
1109 3110 1174 3152 esse
1188 3092 1385 3152 committen-

264 3201 351 3273 dum,
384 3201 420 3260 de
452 3219 512 3277 qua
544 3200 570 3258 si
596 3202 749 3259 constaret
773 3199 912 3259 omnibus
936 3203 1000 3260 tam
1024 3201 1166 3276 periculis
1186 3221 1278 3279 quam
1301 3221 1384 3263 com-

263 3309 360 3368 modis
383 3307 561 3385 postpositis
594 3309 775 3385 sequendam
806 3327 870 3388 csse
897 3308 1077 3384 judicarem.
1128 3311 1185 3370 Sed
1212 3312 1324 3371 ubido
1347 3333 1385 3374 ea

265 3420 346 3477 certo
370 3436 431 3476 uon
456 3418 593 3489 constet,
615 3416 782 3475 cavendum
806 3418 866 3489 est,
888 3435 926 3475 ne
948 3417 1019 3476 dum
1044 3417 1172 3476 nimium
1192 3421 1334 3496 propensi
1349 3421 1384 3482 in

265 3545 356 3584 unam
392 3524 574 3585 sententiam
606 3524 716 3598 simus,
748 3528 860 3585 temere
891 3525 1066 3603 religionem
1098 3529 1128 3586 et
1155 3528 1305 3602 infinitos,
1327 3531 1383 3605 qui

264 3633 439 3711 religionem
460 3636 643 3709 sequuntur,
665 3633 799 3693 hostium
819 3635 990 3711 proterviae
1011 3638 1041 3695 et
1060 3635 1179 3695 libidini
1194 3638 1381 3714 objiciamus.

266 3743 372 3803 Status
392 3744 616 3805 coutroversiae
639 3743 800 3820 praecipue
825 3744 857 3802 in
878 3762 913 3804 oo
927 3748 1084 3819 versatur,
1105 3765 1145 3806 sn
1158 3766 1225 3807 cum
1241 3747 1380 3826 Hispano

264 3852 313 3913 vel
335 3851 548 3931 Andagaveusi
580 3852 747 3930 transigere
774 3856 918 3929 praestet.
959 3853 1025 3915 Hoc
1046 3855 1127 3915 enim
1145 3857 1294 3931 pontificii
1311 3859 1379 3933 jam

263 3961 324 4020 fore
345 3961 516 4035 evicerunt,
537 3980 606 4020 cum
627 3959 762 4036 Hispano
783 3960 933 4038 agendum
954 3979 1034 4036 esse,
1056 3963 1171 4023 adhoc
1192 3966 1296 4024 autem
1310 3985 1379 4042 per-

263 4071 366 4132 venire
393 4089 455 4131 uon
482 4072 643 4148 poterunt,
670 4069 729 4129 uisi
753 4070 885 4146 primum
908 4070 944 4129 do
975 4070 1188 4149 Andagaveusi
1213 4073 1379 4149 rejiciendo

263 4179 373 4256 populo
400 4179 634 4256 persuasissent,
666 4180 740 4238 adeo
770 4182 806 4239 ut
833 4180 866 4238 in
889 4198 924 4239 eo
941 4180 1007 4256 jam
1028 4181 1116 4242 uobis
1142 4181 1308 4258 plurimum
1332 4183 1379 4242 la·

262 4287 430 4348 boruudum
452 4287 493 4347 sil
512 4290 544 4347 et
561 4288 613 4348 rix
632 4287 720 4348 video
742 4306 782 4347 an
802 4287 938 4350 oblinere
963 4289 1143 4364 poterimus,
1164 4293 1201 4350 ut
1221 4308 1287 4378 eam
1311 4293 1380 4369 opi-

262 4397 382 4458 nionem
401 4397 509 4476 vulgo,
537 4417 627 4474 penes
648 4399 728 4476 quod
746 4399 811 4476 jam
831 4393 936 4459 omnis'
949 4401 1085 4476 potestas
1106 4403 1168 4474 est,
1193 4401 1377 4478 eximamus,

262 4505 431 4581 Hispanum
455 4505 570 4567 scilicet
599 4507 805 4584 recipiendum
829 4526 901 4568 esse.
942 4507 1096 4567 Habemus
1120 4507 1259 4569 literulas
1280 4509 1377 4570 inter-

262 4616 382 4690 ceptus,
402 4632 477 4692 quas
500 4633 578 4676 unus
599 4634 635 4676 ex
655 4615 708 4691 iis,
730 4634 805 4693 quas
826 4615 875 4676 hic
895 4615 1069 4692 permixtim
1092 4615 1223 4692 habent,
1254 4619 1294 4678 ad
1321 4619 1377 4678 lri-
