3028 5348
431 515 472 559 en
493 515 634 560 cesorum
654 516 859 563 censeamus.
1160 505 1198 563 57

130 673 230 737 contra
260 675 329 736 Ohr.
352 676 390 737 ab
411 677 446 736 a.
466 679 496 754 1)
529 677 585 736 hoc
605 696 706 738 rerum
727 680 811 738 statu
830 679 906 738 nihil
926 678 1057 758 incipere
1082 679 1195 757 audeo,

96 784 194 844 utinam
220 786 307 846 modo
329 785 514 863 agnitionem
536 786 631 848 debiti
652 787 712 846 mei
734 787 896 866 impetrare
918 807 1045 865 possem.

26 895 27 944 ἶ
126 892 268 971 Coloniae,
291 895 330 954 22
350 893 430 973 Aug.
453 895 540 956 1580.

808 1007 891 1067 Tuus
912 1026 949 1068 ex
969 1007 1070 1068 animo

725 1112 912 1176 AGGAEUS
933 1133 973 1174 ns
993 1113 1170 1174 ALBADA.

26 1725 27 1740 ζ
89 1663 127 1723 36.
201 1667 250 1726 Aa
268 1670 403 1727 romaum
428 1667 638 1730 Gandaveascm
659 1667 818 1745 (Ossoccu
839 1671 1068 1750 Urrsnovruu).

777 1865 871 1940 Koln,
894 1865 932 1926 26
957 1867 1040 1927 Mdrz
1063 1866 1161 1935 1581.

26 2023 27 2032 ἵ
118 2037 226 2098 Nobilis
251 2040 509 2114 praestantissime
531 2040 668 2102 Domine.
709 2042 754 2100 Ex
767 2042 880 2118 literis,
895 2062 969 2121 quas
985 2044 1083 2103 adme
1098 2043 1190 2121 scrip·

26 2123 28 2164 ÷
87 2145 119 2204 eit
144 2146 246 2208 Petrus
279 2147 536 2227 Hiperphragmus
569 2154 600 2210 et
624 2170 659 2209 ex
692 2152 820 2229 scripto,
853 2152 933 2231 quod
954 2152 991 2211 iis
1012 2152 1189 2228 adjunctum

84 2258 133 2329 est,
153 2258 198 2316 cui
218 2259 327 2319 titulus
351 2260 473 2322 »Brevis
496 2261 644 2338 Apologia
666 2262 743 2320 etc.”
766 2263 982 2335 animadverti,
1003 2281 1064 2322 non
1086 2263 1187 2324 minus

83 2366 150 2439 apud
172 2387 223 2429 vos
244 2389 335 2449 quam
360 2370 432 2430 alibi
452 2372 671 2446 disputationes
693 2375 724 2431 et
753 2372 953 2432 dissensiones
975 2373 1093 2433 ratione
1114 2374 1184 2432 reli·

82 2474 165 2550 gionis
194 2478 311 2539 exoriri.
362 2479 425 2540 Nec
456 2483 557 2557 potest
589 2499 659 2540 sane
692 2482 781 2541 aliter
812 2483 932 2540 evenire
962 2481 1014 2541 ubi
1035 2482 1185 2558 judicium

83 2590 205 2646 nostrum
219 2589 316 2667 magis
339 2608 374 2648 ex
394 2589 494 2650 verbis
512 2589 695 2666 scripturae,
710 2607 801 2664 quam
815 2608 850 2648 ex
863 2590 1046 2651 revelatione
1061 2589 1192 2667 Spiritus

84 2691 174 2757 Sancti
194 2697 389 2757 informatum
412 2702 473 2773 est,
494 2698 548 2756 ubi
574 2699 690 2776 magis,
711 2699 850 2774 inquam,
872 2700 924 2757 lux
937 2699 1084 2772 humana,
1099 2719 1190 2779 quam
1252 2735 1254 2739 ·

83 2802 125 2862 lux
145 2807 244 2868 divina
258 2806 350 2885 viget.
394 2806 471 2868 Sunt
485 2807 621 2867 ministri
636 2807 818 2884 scripturae,
841 2811 912 2868 sunt
927 2807 1057 2885 Spiritus
1072 2807 1191 2883 Sancti,

84 2913 127 2972 sed
139 2915 216 2976 inter
229 2917 298 2976 illos
312 2935 458 2994 magnum
473 2936 592 2993 quoque
606 2917 767 2977 discrimen
781 2921 836 2990 est,
852 2935 891 2977 an
905 2937 941 2978 ex
955 2919 1135 2995 semetipso,
1150 2939 1190 2980 an

83 3041 112 3082 ex
130 3023 243 3103 Spiritu
269 3026 379 3086 Sancto
400 3026 683 3105 interpretationem
705 3027 872 3104 scripturae
890 3027 1022 3087 habeant
1072 3027 1130 3098 Qui
1154 3047 1190 3087 ex

82 3138 164 3194 semet
189 3137 264 3214 ipsis
290 3138 417 3212 habent,
451 3156 509 3215 quo
543 3138 610 3212 plus
642 3117 763 3214 ingenio
790 3127 909 3208 valent,
932 3153 965 3194 eo
990 3135 1130 3211 suptilius
1155 3153 1190 3196 cx
1271 3115 1273 3118 Ι

82 3244 421 3328 εοῑὶρὲυωζᾱίεριιῒαηὴ,
456 3251 487 3308 et
512 3248 545 3308 in
580 3265 789 3324 quamcunque
810 3248 927 3322 partem
949 3263 1012 3304 sese
1037 3238 1189 3320 dederint,

81 3375 133 3421 non
153 3357 261 3418 desunt
282 3358 340 3417 sibi
360 3359 470 3431 verba,
492 3357 601 3435 quibus
630 3357 813 3417 sententiam
834 3354 930 3430 partis
944 3373 1016 3414 suae
1035 3356 1188 3415 tueantur.

82 3460 117 3520 Hi
143 3469 241 3526 actem
272 3486 333 3527 non
362 3471 489 3544 possunt
520 3467 628 3527 melius
659 3465 812 3543 cognosci,
835 3483 926 3540 quam
947 3464 973 3523 si
993 3462 1190 3539 contentiosi,

83 3570 221 3648 iracundi,
253 3580 428 3652 arrogantes
461 3580 492 3637 et
524 3575 597 3635 elati
628 3575 768 3635 existant.
820 3572 884 3632 Alii
913 3590 983 3635 vero
1015 3591 1084 3632 cum
1104 3591 1190 3632 suam

83 3679 276 3757 ignorantiam
300 3686 332 3744 ct
353 3684 504 3743 miseriam
532 3703 587 3760 per
610 3682 756 3761 Spiritum
782 3679 895 3742 Christi
920 3683 1073 3760 cognitam
1099 3682 1191 3744 habc-

83 3794 145 3864 ant,
174 3813 229 3853 nec
260 3793 421 3871 quicquam
452 3791 706 3870 magnifaciant,
728 3791 808 3868 quod
827 3791 865 3850 ab
886 3791 951 3866 ipso
974 3810 1037 3851 non
1057 3792 1191 3868 proficis·

82 3903 173 3976 ratur,
194 3903 258 3963 sive
278 3902 324 3960 illi
346 3904 501 3975 doctores,
524 3901 586 3963 sive
609 3900 767 3978 discipuli,
789 3901 851 3962 sivo
872 3901 1003 3974 eruditi,
1032 3900 1094 3962 sire
1114 3901 1190 3961 idio·

80 4011 123 4068 tae
151 4011 230 4086 sint,
263 4029 335 4089 erga
365 4029 467 4071 omnes
500 4029 531 4070 se
563 4011 731 4082 modestos,
753 4009 859 4081 mites,
881 4008 1004 4068 timidos
1031 4011 1062 4068 et
1082 4026 1190 4083 parum

80 4115 110 4176 de
139 4139 168 4180 sc
194 4121 268 4199 ipsis
293 4120 456 4181 sentientes
489 4120 639 4180 exhibent.
691 4119 792 4197 Atque
825 4119 871 4178 ita
906 4119 997 4178 etiam
1029 4136 1134 4180 revera
1157 4119 1191 4176 in

81 4228 179 4290 animis
200 4232 261 4292 suis
281 4231 383 4290 affecti
405 4233 485 4290 sunt.
527 4228 708 4306 Hujusmodi
730 4211 900 4290 virtutihus
921 4227 954 4286 in
973 4227 1062 4305 longe
1081 4227 1191 4304 majori

82 4338 168 4410 gradu
198 4339 325 4417 aliisque
364 4340 474 4401 divinis
498 4339 643 4416 potentiis
669 4342 700 4399 et
721 4337 936 4411 facultatibus,
969 4336 1078 4413 quibus
1099 4336 1193 4413 scrip·

83 4451 274 4466 Ἢ

112 4517 135 4580 l)
169 4522 258 4574 Christ.
275 4523 304 4572 sb
320 4523 435 4574 Eussum.

1094 4618 1111 4674 5
