3020 5360
274 515 311 574 68
642 529 777 572 acernus
798 530 926 572 aaaron.

275 710 395 766 remus,
413 693 494 772 quod
517 709 578 752 non
599 709 618 750 a
638 690 745 771 quevis
769 691 887 751 homine
912 692 974 767 ipse
1001 690 1083 751 Deae
1103 691 1246 771 requirit,
1267 693 1318 755 vel
1339 711 1395 754 cu·

271 802 322 878 jue
342 800 493 862 vocationi
515 818 577 860 non
599 818 653 876 per
673 799 757 872 aeid
779 799 945 860 incumbat.

312 911 358 970 Ta
387 921 458 969 'cum
489 908 556 968 aliis
588 907 646 985 piis
670 927 814 985 supereo
839 908 1002 986 cogitabis,
1023 911 1055 969 et
1075 909 1155 988 quod
1182 909 1278 970 visum
1299 911 1397 972 fuerit

271 1018 358 1080 vobis
381 1018 542 1078 rescribere
562 1017 602 1077 ad
622 1035 670 1076 me
694 1034 754 1076 non
775 1017 957 1094 gravaberis.
1002 1016 1106 1091 Libri,
1128 1037 1204 1097 quos
1218 1020 1315 1095 petie,
1330 1039 1396 1080 non

272 1131 337 1189 tam
368 1128 521 1187 commode
553 1125 636 1185 mitti
666 1127 823 1201 poterunt,
845 1126 897 1185 ead
917 1125 1024 1186 videbo
1046 1144 1085 1184 an
1106 1127 1237 1206 aliquem
1257 1128 1396 1189 inveniro

273 1253 395 1314 queam,
419 1236 472 1315 qui
497 1236 535 1294 ad
558 1252 613 1296 vos
631 1235 848 1311 proficiscatur.
889 1236 970 1294 Bene
994 1237 1076 1311 vale,
1099 1237 1146 1297 vir
1169 1239 1394 1312 amantissime,

273 1344 394 1405 domino
418 1344 556 1404 Borlutio
569 1344 599 1421 1)
624 1347 655 1404 et
675 1344 797 1424 utrique
818 1342 989 1405 Utenhovio
1002 1346 1032 1422 2)
1059 1364 1177 1406 omnem
1198 1365 1216 1405 a
1237 1364 1285 1405 me
1308 1349 1390 1406 salu·

272 1457 344 1514 tem.
356 1455 388 1511 et
411 1452 620 1512 reverentiam.

314 1559 470 1636 Coloniae,
491 1562 510 1620 9
534 1561 631 1637 April.
654 1560 743 1621 1581.

740 1763 930 1773 ...ιι-...-

272 1909 320 1968 39.
554 1908 735 1968 Ornatarimo
752 1909 1003 1986 consultissimaque
1015 1911 1091 1984 viro,
1107 1911 1215 1968 domino
1230 1927 1389 1970 cananeae

511 2001 653 2088 conano,
674 2018 700 2074 I.
727 2018 760 2076 U.
782 2016 891 2076 doctori
908 2027 957 2076 ctc.

936 2155 959 2250 .‘
999 2193 1094 2267 Korn,
1117 2195 1155 2254 ae
1176 2194 1239 2256 Mai
1261 2198 1349 2258 1581.

312 2374 457 2434 Salutem.
510 2370 692 2447 occupatior
722 2370 846 2432 diversis
875 2370 970 2431 literis
1001 2372 1166 2431 scribendis
1187 2355 1248 2433 non
1268 2392 1389 2450 possum

272 2484 329 2545 tibi
350 2485 436 2561 plene
457 2482 495 2541 ad
520 2483 589 2540 tuae
607 2481 794 2557 respondere.
835 2480 924 2541 Nova
944 2479 1047 2539 alteris
1067 2481 1163 2541 literis
1185 2483 1388 2556 continentur,

273 2594 325 2653 eod
360 2595 395 2652 ut
427 2610 463 2650 ee
492 2594 574 2650 certa
603 2591 744 2650 haberem
774 2591 918 2650 nuncium
948 2591 1045 2651 tribus
1062 2592 1177 2660 diebus
1197 2592 1246 2652 hic
1267 2594 1387 2654 retinui.
1488 2613 1491 2620 ⁴

272 2705 397 2764 Praeter
416 2719 496 2762 nova
516 2701 606 2760 mitto
628 2700 720 2760 etiam
740 2700 825 2760 vobis
846 2701 997 2777 exemplar
1017 2700 1189 2776 literarum,
1210 2721 1286 2781 quas
1300 2704 1405 2781 mode,

220 2822 222 2826 ’
273 2812 311 2872 ad
336 2811 504 2886 Deputatoe
527 2812 646 2869 nostroe
667 2808 781 2883 scribo,
803 2810 828 2868 si
846 2810 924 2869 forte
945 2810 1037 2869 etiam
1059 2813 1177 2870 vestrae
1191 2812 1308 2888 patriae
1322 2813 1389 2872 usui

272 2941 336 2982 ease
356 2924 508 2998 poterunt.
550 2919 648 2980 Multa
667 2938 714 2978 me
735 2919 899 2979 sollicitum
919 2920 1048 2994 habent,
1071 2922 1120 2981 eod
1144 2941 1221 3001 quae
1243 2941 1305 2982 non
1328 2941 1389 2982 om-

271 3033 323 3091 nia
344 3030 506 3108 exprimere
528 3011 632 3088 endec.
673 3030 781 3090 Nullas
804 3030 862 3089 tibi
882 3049 963 3090 nunc
985 3032 1181 3092 credentialee
1204 3033 1242 3091 ad
1262 3033 1388 3110 Mylinm

272 3139 378 3212 mitto,
408 3158 477 3198 nam
508 3142 544 3199 ut
564 3158 644 3198 nunc
666 3158 697 3198 ee
719 3158 767 3211 ree
790 3141 945 3198 ostendere
967 3141 1116 3217 incipiunt
1137 3160 1198 3200 non
1224 3144 1313 3201 erunt
1334 3161 1385 3201 ne·

273 3249 432 3320 eeeeariae,
455 3250 546 3327 atque
567 3248 609 3306 ita
626 3248 691 3324 jam
716 3248 863 3307 scribendi
884 3248 983 3308 taedio
1005 3249 1128 3309 affectus
1150 3268 1232 3324 anm,
1253 3253 1289 3310 ut
1310 3252 1387 3310 cala·

270 3379 352 3419 mum
385 3337 532 3434 deponere
565 3376 662 3435 cogar.
704 3357 785 3417 Bene
810 3357 961 3430 vale,'vir
982 3359 1196 3418 amantissimo.
1238 3357 1384 3436 Notisqne

270 3468 313 3526 ibi
334 3469 365 3551 et
387 3468 490 3528 amicis
511 3467 747 3528 oficiosiseimam
769 3470 798 3526 et
824 3467 951 3527 amicam
972 3487 990 3527 a
1010 3488 1057 3527 me
1083 3467 1306 3528 salutationem.
1334 3467 1385 3528 Sa·

269 3579 372 3636 lutant
393 3580 424 3637 et
444 3581 475 3637 te
499 3579 557 3638 mei
577 3576 742 3638 domestici.

312 3683 467 3762 Coloniae,
489 3688 527 3746 26
548 3687 632 3746 Maii.
673 3687 761 3747 Anno
786 3688 873 3746 1581.

1046 3798 1127 3858 Tuus
1149 3817 1185 3858 ex
1205 3798 1307 3858 animo

1129 3908 1167 3968 A.
1188 3908 1224 3967 A.

304 4362 329 4429 1)
363 4363 522 4428 Anmerknng
538 4362 678 4413 Ackama'a:
692 4359 764 4410 ciliis
779 4361 891 4411 Borluut.
929 4371 931 4376 '

305 4463 330 4525 2)
368 4457 504 4510 Ebenfalla:
528 4457 614 4524 carolo
638 4456 797 4507 Hutenhovio
819 4457 920 4508 Adriani
940 4458 1059 4524 quendem
1078 4459 1187 4509 incuria
1212 4457 1382 4508 Mechlinienai

202 4599 208 4613 1
268 4557 387 4613 cenatoria
407 4555 458 4604 eive
474 4553 605 4604 consiliarii
624 4553 688 4614 filio,
707 4568 744 4603 ao.
761 4551 792 4606 81
811 4554 918 4608 Gandav.
938 4556 1031 4606 consuli
1051 4559 1077 4606 et
1093 4555 1193 4606 Nicoleo
1210 4555 1331 4620 praefecto
1343 4552 1380 4603 vel

268 4667 361 4706 summo
378 4649 484 4716 praetori
502 4648 611 4714 Iperenai
630 4648 708 4700 fratri.
