3020 5360
426 636 429 643 .
508 577 549 616 sn
570 575 683 616 serron
703 574 856 617 rsenennr.
1184 559 1241 618 115

118 739 209 798 vobis
239 755 370 814 possem,
401 739 437 796 ut
467 736 577 812 majori
603 734 761 796 concordia
781 735 907 814 negooie
931 755 993 795 una
1012 737 1147 797 treet-are
1168 736 1245 797 inoi·

117 847 253 924 peratis,
285 843 357 905 nem
387 863 467 907 nova
498 846 584 906 vobis
600 863 688 930 ‚nuno
713 844 799 904 adest
820 845 936 904 occasio
960 865 996 904 ex
1017 845 1164 930 singulari
1187 845 1245 904 Dei

117 955 239 1033 gratie,
261 953 362 1012 omnia
385 971 437 1027 ee,
457 973 534 1032 quae
560 955 598 1013 ad
619 951 736 1028 patriae
760 953 890 1012 salutem
913 953 1069 1030 pertinent
1092 957 1172 1014 reete
1197 975 1246 1015 or-

119 1061 246 1122 dinandi
267 1064 299 1121 et
319 1061 538 1134 constituendi,
560 1062 612 1121 sed
633 1060 776 1138 quamdiu
798 1064 940 1138 separate
965 1062 1090 1122 oonsilio.
1111 1067 1245 1141 aguntur

118 1174 214 1249 prout
234 1170 383 1230 extiteris
403 1169 465 1229 tuis
486 1170 639 1248 intelligo,
672 1190 726 1231 nec
747 1170 803 1228 ille
823 1170 855 1229 in
878 1171 1016 1231 omnibus
1036 1165 1246 1246 consentiunt,

119 1279 231 1339 tandiu
251 1298 446 1364 quaecunque
470 1281 567 1368 agetis
591 1280 629 1338 ad
650 1280 796 1356 majorem
817 1280 1029 1340 alienationem
1051 1284 1082 1341 et
1096 1283 1244 1344 confusio·

120 1407 192 1448 nem
214 1388 356 1449 servient.
398 1389 514 1448 Electio
536 1389 715 1463 Alanoonii,
747 1407 823 1468 quae
843 1409 961 1466 semper
982 1391 1081 1449 animo
1104 1410 1170 1451 meo
1191 1392 1245 1451 ad-

123 1516 213 1558 versa
233 1497 293 1557 fuit
313 1497 352 1556 ed
374 1497 529 1557 silentium
552 1518 600 1557 me
620 1499 781 1576 adegerat,
803 1499 836 1558 in
856 1499 919 1557 dies
940 1502 1163 1576 expectantem,
1187 1519 1246 1578 quo

122 1607 206 1666 Deus
238 1607 394 1667 eonsilium
424 1601 503 1666 illud
534 1609 672 1666 ordinum
708 1609 877 1668 directurus
909 1611 996 1669 esset.
1038 1609 1127 1669 Nune
1148 1610 1247 1670 denuo

124 1715 273 1776 sollicitus
287 1735 371 1790 sum,
394 1735 434 1774 an
454 1717 557 1775 eodem
578 1717 767 1788 relabentur,
788 1737 841 1778 vos
864 1725 964 1777 lamen
985 1719 1080 1777 nolim
1096 1719 1246 1794 judicium

126 1827 263 1885 vostrum
283 1825 351 1900 plus
376 1843 466 1902 quam
488 1824 603 1884 vieines
625 1825 810 1902 provincias,
832 1826 912 1886 siout
935 1825 1008 1885 olim
1031 1826 1147 1886 laetum
1169 1827 1246 1910 fuit,

124 1931 341 2009 praecipitere,
362 1932 414 1990 sed
436 1932 537 2007 potius
558 1931 619 1992 illis
633 1951 687 1993 vos
701 1952 791 2012 quem
805 1934 1000 1994 ulterioribus
1013 1936 1246 1996 accommodate.

122 2041 190 2100 Imo
224 2058 314 2119 quem
342 2040 498 2116 praeclara
528 2041 646 2101 oooasio
675 2060 756 2101 nuno
788 2041 890 2102 oblata
921 2045 967 2102 est
994 2043 1032 2102 ab
1054 2043 1137 2103 omni
1157 2046 1246 2120 perte

122 2148 272 2226 ejusmodi
292 2149 392 2207 media
410 2149 583 2210 inveniendi
604 2152 635 2209 et
656 2149 874 2224 constituendi,
902 2151 1012 2229 quibus
1035 2169 1094 2227 pax
1114 2154 1146 2212 et
1159 2155 1245 2212 tran-

122 2258 262 2336 quillitas
286 2257 367 2317 inter
386 2258 501 2318 vicinas
521 2258 692 2334 provincias
713 2260 799 2320 salva
826 2259 934 2339 orique
954 2277 1010 2319 sua
1042 2261 1183 2321 libertate
1207 2261 1247 2321 ad

121 2368 238 2427 bonum
258 2385 294 2426 ex
313 2366 371 2426 Dei
392 2368 551 2428 voluntate
573 2369 762 2429 restituatur.
805 2369 872 2440 Qua
889 2369 925 2428 de
938 2389 970 2430 re
986 2369 1061 2430 aliae
1075 2371 1179 2447 plura,
1193 2371 1245 2431 ubi

122 2493 308 2554 cognovero,
330 2495 388 2555 qno
411 2477 550 2538 ordinum
574 2477 699 2537 consilia
722 2481 754 2538 et
772 2479 889 2555 judicia
909 2479 997 2539 modo
1016 2479 1215 2540 inclinabunt.

168 2585 283 2646 Datum
303 2585 321 2644 8
344 2585 430 2646 Febr.
451 2604 497 2645 eo.
521 2584 610 2645 1583.

503 3127 553 3187 Ad
565 3129 726 3206 praesidem
747 3145 880 3188 arsuras.

973 3307 989 3366 7
1011 3307 1098 3369 Febr.
1121 3308 1231 3386 1583..

170 3485 325 3562 Adjuneta
355 3484 514 3544 literarum
543 3485 695 3561 exempla,
725 3503 802 3564 quae
833 3484 926 3544 etiam
958 3485 1110 3562 deputatis
1137 3489 1249 3549 nostris

125 3593 365 3668 communicavi,
398 3595 463 3670 ejus
494 3594 559 3653 looo
592 3596 683 3652 erunt
716 3594 798 3672 quod
823 3594 879 3654 hoo
901 3597 1035 3671 tempore
1060 3595 1250 3657 scribendum

125 3703 212 3763 duri.
253 3703 343 3763 Nmro
364 3704 497 3781 apertius
520 3702 578 3763 tibi
599 3703 732 3762 indicare
754 3702 865 3777 audeo,
887 3722 941 3763 eur
964 3707 996 3764 et
1016 3704 1146 3781 priorem
1169 3707 1250 3785 lega·

129 3811 247 3873 tionem
273 3813 312 3872 ed
344 3813 467 3873 eomitie
497 3815 529 3871 et
556 3812 633 3871 hano
655 3811 815 3871 secundam
837 3830 855 3870 a
875 3829 922 3870 me
948 3831 1100 3873 removero
1124 3817 1250 3874 oonatus

127 3920 198 3980 sim.
241 3920 357 3981 Oelouli
388 3922 473 3982 dolor
505 3924 572 3981 tum
602 3921 746 3997 temporis
778 3919 852 3980 eatis
885 3924 952 3980 erat
974 3922 1093 4000 gravis,
1115 3923 1250 3983 sednon

129 4033 253 4101 tantus,
285 4031 359 4109 quin
389 4030 540 4108 legatione
575 4029 628 4087 illa
654 4014 744 4106 'fungi
775 4029 955 4105 potuissem,
978 4050 1083 4091 verum
1109 4033 1250 4093 obstabat

130 4139 333 4199 eonscientiae
356 4139 530 4214 serupulus,
551 4157 590 4197 ne
611 4139 675 4214 ejus
694 4137 855 4213 imperium
878 4137 1076 4214 approbarem
1094 4143 1125 4200 et
1144 4143 1251 4202 oonfir·

129 4265 261 4318 marem,
295 4245 330 4306 de
352 4265 411 4326 quo
433 4248 516 4306 oerto
539 4264 716 4322 persuasum
741 4245 889 4305 habebam
909 4247 971 4306 Deo
993 4265 1054 4306 non
1077 4249 1195 4323 plaeere
1220 4253 1251 4310 et

130 4358 292 4433 propterea
323 4356 415 4428 etiam
435 4375 497 4415 non
518 4355 707 4415 duraturum.
748 4354 860 4414 Eadem
880 4373 971 4415 eausa
992 4356 1023 4414 in
1046 4358 1175 4416 seeundo
1195 4360 1251 4418 hae

130 4465 283 4542 legatione
308 4465 468 4538 militavit,
501 4483 684 4542 quemquam
716 4463 776 4522 nisi
807 4464 889 4523 istud
916 4464 1004 4525 modo
1024 4464 1250 4538 intervenisset,

134 4574 285 4634 difficilius
317 4593 364 4632 me
397 4573 435 4632 ab
469 4591 505 4633 ea
536 4591 676 4633 excusare
703 4572 879 4648 potuissem.
930 4573 973 4632 At
1005 4573 1030 4633 si
1051 4573 1169 4634 ordines
1190 4594 1251 4635 non

135 4681 303 4759 receperint
324 4701 407 4756 eum,
428 4681 505 4739 nihil
525 4680 572 4738 illi
595 4680 669 4738 mihi
690 4682 761 4739 sunt
781 4680 970 4756 imposituri,
993 4682 1066 4761 quin
1079 4683 1110 4741 id
1123 4683 1253 4743 libenter
