3028 5348
516 503 675 548 nunrnro
706 502 837 546 uuum.
1195 483 1233 544 87

109 671 160 730 ire
190 669 267 730 reice
297 667 391 727 nuber
417 666 494 727 hoch
524 620 670 744 Bnrqund
701 685 738 724 zu
764 665 879 724 meten.
923 661 1055 722 Dieemcl
1079 661 1166 723 weiue
1186 661 1236 722 ich

112 779 225 839 weiter
244 778 330 838 nicht
350 797 385 836 nu
407 776 576 850 schreiben‚
598 775 679 836 donn
700 775 753 834 doe
774 773 808 834 Ε.
830 771 865 833 G.
884 771 932 833 ich
945 771 1013 832 dem
1026 770 1236 850 Almechtigen

111 889 151 948 in
182 886 394 965 lungwieriger
423 885 556 964 fristoug
585 884 648 945 und
677 883 757 944 mich
779 881 932 943 doreelben
954 901 990 941 nn
1010 881 1129 959 gnuden
1148 883 1239 960 guntz

112 995 280 1057 dienstlich
300 995 356 1056 thu
376 994 524 1055 bofehlen.

160 1103 252 1179 Colo,
273 1105 330 1166 den
356 1104 392 1163 ll
414 1103 552 1164 Junuerii
575 1120 658 1163 euno
683 1102 772 1165 1580.

585 1414 776 1428 0,*

119 1661 172 1720 20.
411 1675 648 1722 ...meorumue
678 1677 816 1736 uernum,
847 1661 898 1720 der
923 1661 1042 1721 Reodteo
1061 1659 1169 1718 doctori
1184 1658 1245 1718 uod

365 1769 415 1830 der
435 1771 630 1848 Kooiydlictm
650 1772 786 1832 Kammcr
804 1791 839 1831 zu
862 1769 1021 1848 omnim
1039 1768 1202 1830 84041010).

848 1949 942 2024 Korn,
966 1949 982 2007 1
1004 1946 1091 2007 Febr.
1115 1947 1202 2007 1580.

163 2124 313 2186 Salutem.
368 2127 450 2198 Quae
482 2127 578 2188 scribo
606 2129 662 2188 hoc
683 2131 818 2205 tempore
838 2128 877 2188 cd
897 2146 992 2201 mooe,
1014 2145 1050 2188 oo
1070 2126 1162 2186 etium
1185 2125 1243 2186 tibi

120 2234 299 2313 significare
330 2235 427 2311 volui,
460 2238 496 2296 ut
525 2256 579 2314 per
599 2240 630 2297 te
650 2237 688 2298 iis
708 2236 817 2313 quibus
837 2236 957 2315 expedit
976 2234 1243 2297 communicentur.

121 2343 256 2420 Aliquid
280 2363 398 2422 quoque
422 2345 456 2406 in
479 2346 604 2406 eundem
627 2366 692 2406 rem
716 2347 755 2407 ed
778 2346 932 2407 dominum
958 2345 1190 2424 gubernatorem
1213 2345 1246 2404 et

120 2454 256 2515 Uffkene
280 2455 395 2533 scripsi.
450 2455 563 2516 Addidi
582 2456 643 2517 illie
669 2457 837 2535 exemplum
857 2457 1030 2530 literarum,
1052 2474 1127 2534 quae
1150 2455 1189 2515 od
1208 2453 1246 2513 li·

121 2563 299 2627 centietum
328 2563 452 2625 Aetium
483 2564 567 2638 dedi,
589 2564 627 2626 ob
652 2584 717 2626 eum
742 2583 880 2638 oausam,
901 2565 928 2625 ei
948 2564 1026 2626 forte
1049 2563 1142 2625 etiarn
1164 2564 1245 2641 opud

120 2691 184 2738 vos
208 2672 263 2732 huo
287 2692 319 2734 re
339 2673 442 2748 juvari
465 2677 587 2750 potero,
611 2677 648 2736 ut
671 2675 736 2752 ejus
757 2695 805 2735 me
825 2693 915 2755 quum
935 2675 1067 2754 primum
1088 2675 1245 2736 certiorem

119 2781 233 2843 focius.
273 2781 354 2842 Num
374 2782 641 2861 quomodocunque
661 2785 735 2844 mihi
758 2786 910 2860 soluatur,
940 2782 1104 2845 Ordinibus
1124 2788 1246 2862 gratum

120 2893 199 2954 erit.
238 2891 322 2951 Nihil
343 2893 423 2970 quod
444 2894 573 2970 amplius
597 2894 726 2955 scribam
746 2895 802 2957 hoc
823 2898 959 2973 tempore
971 2895 1076 2970 habeo,
1091 2896 1143 2955 sed
1158 2893 1246 2955 uvido

119 3002 246 3064 vestine
265 3001 370 3062 literae
390 3022 443 3080 per
461 3002 630 3064 Johannem
650 3008 856 3083 expectemus,
884 3024 974 3084 quom
997 3004 1143 3065 miremur
1163 3006 1245 3064 tom·

121 3113 185 3173 diu
204 3112 357 3174 remorari.

169 3221 253 3283 Bene
276 3222 343 3284 vele
364 3222 412 3283 vir
431 3223 543 3301 optime
565 3228 596 3286 et
616 3224 830 3287 amantissime.
871 3223 1014 3285 Sclutcnt
1034 3226 1065 3284 te
1079 3226 1111 3284 et
1123 3241 1248 3283 uxorem

121 3340 217 3398 tuam
243 3351 345 3394 omnes
375 3333 452 3408 mei,
472 3335 592 3397 domiuo
618 3334 736 3396 consuli
767 3334 901 3395 Alberda
926 3337 959 3395 et
992 3332 1114 3414 reliquie
1141 3332 1248 3393 amicis

120 3461 248 3506 omnem
271 3462 356 3504 eme
380 3444 518 3504 sulutem.

172 3554 329 3638 Coloniae,
352 3559 369 3617 1
390 3555 548 3617 Februarii
569 3574 606 3616 oo
630 3555 718 3616 1580.

889 3665 972 3726 Tune
992 3684 1028 3726 ex
1048 3665 1167 3738 animo,

759 3773 947 3836 Adoneus
969 3792 1009 3835 uu
1030 3771 1208 3834 ALBADA.

609 3886 778 3963 Adjunctoe
792 3885 896 3946 literoe
913 3903 987 3946 curo
1007 3903 1119 3963 quaeso
1139 3883 1177 3943 od
1199 3901 1249 3943 eos

568 3995 677 4073 quibus
698 3994 861 4072 inscriptae
881 3994 1005 4072 suntl).

590 4355 793 4370 -ιι-ι-Ἀῦ

166 4657 194 4722 1)
229 4659 423 4725 ltigenhiindiger
438 4660 523 4713 Zoeotu
541 4675 589 4712 von
604 4660 704 4712 oroma.
