3028 5348
398 486 555 530 precamus
575 485 616 529 su
636 486 693 530 sex
713 486 952 532 coucrurssrras.
1217 473 1236 532 8

118 647 236 722 cedere,
268 667 327 727 quo
360 647 499 710 cordibus
530 647 718 727 quorundam
748 649 794 710 ita
813 647 913 711 illuxit
933 649 1030 723 Deus,
1054 653 1089 712 ut
1110 669 1163 729 per
1187 668 1237 711 cos

116 758 203 818 nobie
223 761 255 819 et
275 758 459 836 pravitatem
479 758 561 819 vitae
584 761 705 834 nostrae
725 758 764 819 ob
786 759 888 820 oculos
912 762 1052 838 poneret,
1082 762 1114 821 et
1142 761 1237 836 hypo·

116 866 226 942 cu'ses,
246 866 357 927 abusus
377 867 408 926 et
428 885 542 927 errores
562 869 683 926 nostros
709 864 861 945 detegeret
882 869 913 927 et
936 866 1076 945 aperiret.

156 975 228 1035 Non
246 993 323 1053 nego
342 975 487 1034 sorbitione
507 985 532 1033 ct
555 975 723 1034 contentione
750 977 873 1052 quadam
897 979 995 1036 multos
1011 986 1110 1053 postea
1134 977 1240 1052 tenpus

117 1093 196 1144 extra
218 1085 385 1144 uocationem
405 1103 484 1142 suam
500 1102 662 1160 progressos
681 1084 768 1159 subsc
808 1087 840 1144 et
866 1084 1062 1161 assumpsisse
1090 1085 1238 1162 quaedam

118 1192 269 1270 prioribus
292 1192 373 1253 haud
399 1191 495 1252 multo
525 1191 668 1266 meliora,
700 1192 806 1253 deinde
835 1193 934 1254 multa
952 1195 1033 1254 bona
1056 1214 1125 1254 cum
1152 1193 1240 1253 malis

118 1321 306 1381 oppugnasse
329 1304 361 1362 et
381 1299 548 1362 sustulisse.
589 1300 664 1361 Erat
688 1302 791 1362 tamen
810 1301 886 1362 lucis
911 1305 942 1363 et
964 1303 1093 1380 gratias,
1124 1319 1184 1380 qua
1203 1319 1239 1361 ea

119 1427 195 1487 quae
216 1410 296 1469 mela
317 1429 350 1468 re
370 1426 443 1469 vera
462 1410 564 1481 erant,
578 1407 665 1468 nobis
675 1409 899 1485 patefecerunt,
914 1412 946 1470 et
959 1409 1039 1470 inter
1052 1428 1102 1470 eos
1116 1410 1238 1487 quidam

118 1517 210 1578 ctiam
238 1517 419 1592 extiterunt,
446 1516 499 1595 qui
526 1517 591 1577 luce
613 1519 645 1577 et
665 1517 766 1594 gratia
789 1517 851 1577 ista
873 1517 906 1577 in
926 1517 1065 1578 omnibus
1088 1520 1169 1578 recte
1189 1518 1238 1578 usi

118 1627 198 1686 eunt

156 1734 241 1795 Haec
260 1735 313 1806 lux
333 1737 365 1795 et
383 1734 483 1814 gratia
501 1754 570 1795 cum
589 1735 686 1814 gratis
707 1735 814 1796 animis
840 1736 879 1796 ad
902 1737 1016 1814 majora
1037 1735 1115 1798 dona
1135 1755 1237 1798 consc-

117 1844 237 1924 quenda
258 1842 296 1903 ab
318 1843 456 1904 omnibus
476 1843 570 1920 recipi
591 1843 728 1904 debebat.
761 1851 764 1856 '
785 1845 854 1906 Vere
874 1847 944 1906 enim
965 1846 1129 1908 chrestianus
1152 1864 1237 1922 aeque

118 1965 174 2013 tum
197 1971 285 2031 neque
308 1954 400 2012 adduc
423 1955 492 2012 sabb
514 1955 635 2031 copertus
657 1963 712 2026 cst,
732 1954 830 2030 major
850 1973 920 2031 pars
940 1957 1042 2015 tamen
1067 1973 1103 2014 ex
1122 1954 1236 2015 nostris

119 2080 184 2123 eam
208 2061 313 2139 rejecit
337 2064 368 2122 et
391 2061 544 2122 detestata
567 2064 623 2122 est.

160 2169 314 2232 Adversus
338 2186 389 2230 eos
422 2172 540 2242 sermm,
571 2169 624 2248 qui
654 2170 694 2230 ad
721 2171 962 2233 camattendere
985 2173 1236 2247 coeperunt,1·ex

121 2282 224 2342 noster
241 2278 445 2341 severissimas
466 2279 547 2357 leges
569 2278 643 2339 tulit
661 2281 752 2356 atque
772 2282 809 2340 ut
831 2279 959 2339 fideliter
978 2279 1048 2339 illae
1068 2280 1236 2340 executioni

120 2388 352 2462 mandarentur,
372 2385 478 2448 vicarii
499 2387 563 2463 ejus
587 2385 637 2446 vix
658 2386 734 2447 alios
753 2387 787 2448 in
809 2387 1008 2465 magistratus
1019 2389 1157 2464 cooptari
1166 2408 1235 2465 per·

122 2499 285 2573 miserunt,
311 2515 403 2574 quam
430 2514 505 2573 quos
524 2496 729 2574 intelligerent
748 2496 835 2556 nulla
854 2496 1044 2558 humanitate
1067 2500 1099 2558 et
1123 2497 1237 2558 miseri-

122 2607 224 2669 cordia
245 2624 316 2685 erga
335 2605 408 2666 istos
431 2604 566 2666 homines
588 2605 676 2665 affici.

160 2717 245 2778 Haec
264 2715 431 2792 persecutio
452 2717 484 2775 et
504 2714 655 2791 oppressio
676 2716 792 2792 quanta
813 2713 905 2776 tuerit
925 2733 1012 2775 nemo
1026 2716 1237 2788 nostramet,

121 2827 173 2906 qui
201 2827 340 2906 ignorat;
370 2823 451 2902 quod
481 2824 520 2883 ad
551 2843 599 2884 me
629 2824 757 2897 attinet,
795 2825 969 2886 exhorresco
1003 2824 1122 2901 saepius
1143 2826 1182 2885 ad
1203 2843 1239 2885 ea
1285 2803 1295 2830 '

123 2945 258 2997 tormenta
278 2933 387 3012 quibus
408 2932 532 2994 miseros
553 2931 687 2994 homines
708 2933 790 3010 apud
810 2951 865 2994 nos
887 2935 918 2993 et
942 2932 1015 2992 alibi
1036 2933 1186 3009 subjectos
1207 2934 1239 2993 et
1334 2923 1337 2928 ’

123 3045 249 3106 afflictos
268 3060 333 3104 esse
356 3041 425 3102 scio.

162 3154 234 3216 Non
255 3152 385 3230 arbitror
404 3152 494 3230 hujus
515 3151 573 3212 loci
598 3169 662 3212 esso
677 3151 713 3211 de
728 3150 863 3212 articulis
878 3149 1178 3229 disputars,quoshi
1189 3152 1244 3211 aut

125 3265 170 3324 illi
192 3262 408 3337 defenderunt,
428 3261 504 3323 satis
528 3264 574 3323 est
595 3259 687 3322 verbo
710 3261 859 3334 indicare,
881 3277 984 3320 omnes
996 3259 1072 3320 istos
1086 3279 1122 3319 ex
1135 3259 1246 3320 timore

126 3373 197 3447 Dei,
229 3371 401 3432 testimonio
435 3389 506 3432 susc
536 3370 736 3432 conscientias
756 3370 846 3446 juxta
872 3387 1044 3430 mensuram
1063 3368 1133 3429 fidei
1153 3387 1245 3446 quam

126 3482 278 3545 habebant
312 3501 366 3560 pro
396 3481 558 3544 asserenda
588 3482 718 3544 veritate
750 3483 904 3543 tormenta
924 3484 955 3542 et
977 3483 1107 3542 mortem
1126 3479 1248 3540 fortiter

126 3592 294 3670 pertulisse.

165 3700 248 3763 Haec
268 3701 390 3762 afflictio
411 3701 480 3778 plus
504 3719 595 3777 qaam
615 3701 703 3762 annis
723 3701 762 3760 50
785 3700 923 3775 duravit,
945 3699 981 3762 de
1004 3717 1064 3777 qua
1084 3699 1130 3760 ita
1140 3699 1247 3774 sentio,

126 3810 220 3889 fuisse·
240 3830 307 3873 eam
323 3811 471 3888 judicium
493 3809 550 3870 Dei
571 3829 643 3889 erga
664 3827 751 3886 suos,
768 3809 933 3886 judicium,
954 3810 1094 3886 inquam,
1107 3811 1144 3869 ut
1155 3809 1243 3870 dirus

126 3919 235 3982 Petrus
257 3920 393 3998 loquitur
416 3920 448 3979 in
469 3920 558 3980 domo
579 3918 635 3978 Dei
656 3918 737 3996 quod
761 3920 851 3978 antea
876 3918 996 3994 quidem
1019 3915 1149 3977 exerceri
1169 3934 1248 3975 nun·

126 4048 218 4108 quam
250 4029 382 4090 desitum
412 4028 494 4105 fuit,
518 4029 570 4089 sed
590 4030 695 4088 nostro
718 4030 869 4104 tempore,
890 4046 944 4104 per
963 4026 1144 4101 Dominum,
1165 4027 1249 4086 tene·

126 4140 189 4201 bris
208 4139 348 4201 ccclesiae
367 4138 458 4216 paulo
479 4137 591 4199 clarius
613 4137 789 4215 patefactis,
810 4136 899 4214 longe
916 4135 1251 4215 gravissimumextitit.

167 4251 288 4313 Interea
309 4251 342 4310 in
362 4250 476 4310 mundo
502 4267 620 4310 summa
640 4248 788 4310 foelicitas
802 4250 835 4309 et
854 4246 1040 4325 prosperitas
1064 4244 1140 4317 tuit,
1160 4263 1251 4321 quam

128 4364 231 4423 secuta
249 4362 322 4421 sunt
341 4359 443 4420 omnia
462 4361 601 4438 peccata,
622 4358 751 4420 maxime
772 4358 806 4419 in
827 4356 929 4418 Gadis
942 4359 974 4417 et
987 4356 1068 4433 apud
1080 4373 1135 4415 nos
1145 4400 1154 4431 ,
1175 4365 1251 4431 quae

128 4472 233 4533 Esaias
250 4469 355 4531 Judeis
381 4468 536 4547 exprobat.

171 4582 319 4659 litoraque
338 4601 395 4642 recu
409 4589 528 4658 possset
549 4580 580 4641 to
599 4597 739 4640 commune
759 4580 869 4640 ordines
884 4579 1036 4655 Majestotis
1047 4579 1254 4638 distracturus
