3020 5360
315 547 354 606 84
733 559 866 604 emenus
886 560 1025 628 aucune,

353 723 477 784 Utinam
507 723 615 784 civitae
647 723 749 784 vostra
775 721 813 781 cd
836 740 941 799 pacem
964 721 1090 785 invitari
1111 724 1143 782 et
1163 723 1344 785 commoveri
1363 744 1427 801 pos·

314 833 369 906 eit3
390 851 437 892 ree
458 831 537 892 enim
559 849 620 892 uon
641 830 763 892 videtur
785 830 818 890 in
838 850 908 891 eum
933 833 1049 891 statum
1070 834 1269 908 perventura,
1290 833 1330 892 ad
1343 853 1427 910 quem

313 941 358 1000 illi
378 941 514 1018 cogitent
534 943 566 1001 et
586 939 735 1015 aspirant.
753 969 762 978 ·

349 1049 419 1109 Jem
440 1050 545 1109 literae
566 1048 758 1124 consignatae
780 1050 884 1120 erant,
907 1067 976 1108 cum
995 1049 1197 1110 certissimum
1220 1052 1363 1113 nuncium
1379 1052 1426 1110 sd·

310 1157 422 1230 fertur,
444 1159 613 1217 'l'ornacum
637 1175 668 1216 se
689 1157 736 1216 dio
757 1156 897 1216 Mercurii
917 1159 1083 1235 praeterito
1099 1159 1129 1235 1)
1154 1158 1187 1220 in
1211 1180 1319 1222 manue
1340 1160 1425 1239 Regis

313 1265 474 1339 dedidisse;
495 1265 655 1342 pessimum
677 1241 821 1325 nuncium
843 1284 897 1341 pro
921 1266 1065 1326 Flandriu
1079 1269 1120 1344 2).

722 1882 880 1924 remunero
902 1883 1033 1927 AOKEMA.

1029 2059 1123 2135 Koln,
1148 2059 1186 2118 14
1210 2060 1282 2120 Dee.
1306 2061 1390 2121 1581.

353 2269 497 2328 Salutem.
548 2265 652 2325 Habeo
685 2265 742 2325 tibi
774 2267 805 2326 et
832 2265 952 2326 domino
975 2264 1097 2324 Feiconi
1118 2265 1277 2326 immensas
1297 2268 1423 2345 gratias,

316 2377 396 2452 quod
430 2394 533 2436 curem
563 2392 669 2434 causac
700 2391 784 2434 mcao
818 2373 851 2433 in
885 2393 939 2434 voe
961 2375 1110 2451 suscipere
1131 2393 1192 2434 non
1212 2375 1380 2453 gravemini
1398 2378 1424 2435 et

316 2486 352 2544 do
378 2484 516 2562 diligenti
540 2483 683 2559 pecuniae
704 2483 929 2559 procuratione:
959 2483 1044 2544 doleo
1066 2486 1184 2557 tamen,
1206 2503 1261 2545 nec
1286 2488 1317 2545 te
1338 2503 1423 2546 reser-

314 2613 399 2655 vasse
431 2592 516 2664 inde,
549 2609 608 2666 quo
632 2591 711 2650 forte
742 2591 780 2650 ad
811 2593 880 2651 tuas
906 2592 1100 2652 necessitates
1123 2592 1156 2652 in
1177 2593 1329 2670 praesenti
1354 2611 1422 2670 opus

314 2701 419 2774 habes,
452 2719 507 2759 nee
526 2700 613 2758 illum
635 2700 715 2776 quod
737 2718 791 2776 pro
815 2700 924 2760 salario
945 2703 977 2760 et
997 2720 1123 2777 expenso
1144 2701 1202 2778 ipsi
1227 2703 1354 2761 debetur
1380 2703 1424 2761 do·

315 2809 456 2883 traxisse,
479 2809 531 2869 fiet
552 2827 621 2886 ergo
643 2807 718 2867 illud
739 2809 799 2868 alio
822 2811 970 2886 tempore,
992 2811 1061 2869 nolo
1083 2810 1161 2870 enim
1186 2829 1309 2887 prorsus
1335 2811 1423 2870 ullam

315 2917 389 2977 mihi
410 2936 530 2994 operam
551 2918 585 2976 in
604 2918 660 2977 hoc
684 2918 807 2996 negotio
829 2919 924 2996 gratis
946 2920 1103 2996 praestari.
1145 2919 1203 2979 seo
1223 2920 1362 2981 nonnihil
1381 2939 1422 2978 mo

314 3028 476 3088 sollicitum
504 3027 617 3100 fecisti,
650 3028 729 3104 quod
760 3027 879 3101 scribis,
915 3029 1040 3088 caeteris
1061 3029 1143 3089 viam
1165 3031 1303 3105 apertam
1325 3030 1379 3104 iri,
1400 3028 1422 3086 si

315 3158 368 3216 ego
403 3141 559 3215 incepero,
591 3155 663 3196 nam
692 3155 753 3196 non
783 3137 913 3197 libenter
942 3157 1033 3198 causa
1065 3139 1272 3213 eeserellom,
1298 3157 1356 3215 quo
1378 3139 1423 3196 illo

314 3249 452 3309 omnibus
475 3248 560 3308 bonis
585 3246 645 3306 suis
677 3249 815 3314 exuatur,
835 3249 866 3304 et
896 3246 1024 3305 maxime
1052 3250 1175 3322 propter
1200 3265 1322 3307 uxorem
1344 3250 1373 3307 et
1392 3247 1423 3304 li·

314 3359 429 3432 beros..¹
450 3357 548 3426 Quare
569 3355 659 3414 semel
680 3354 776 3413 adhuc
797 3354 912 3413 tentari
932 3354 1036 3426 velim,
1051 3373 1162 3413 numne
1176 3355 1290 3431 aliquid
1304 3375 1422 3432 aequum

315 3453 357 3530 ab*
373 3467 434 3526 illis
454 3464 611 3542 impetrari
632 3467 739 3540 queat,
761 3463 808 3522 sin
828 3463 929 3522 minus
954 3463 1088 3540 cogimur
1110 3463 1206 3523 lacere
1228 3466 1308 3541 quod
1330 3481 1421 3523 ueces-

315 3578 387 3637 silas
420 3577 517 3652 urget.
571 3572 603 3631 Si
627 3575 678 3648 jus
701 3573 864 3648 denegetur
891 3572 939 3632 vel
966 3571 1066 3648 gratia
1080 3563 1150 3647 ’111111
1173 3573 1363 3644 extrahatur,
1383 3590 1422 3630 re·

313 3685 445 3744 modium
471 3685 544 3755 erit,
566 3685 601 3740 ut
622 3682 670 3741 vel
692 3701 726 3740 ex
748 3678 857 3739 ultimo
878 3681 1079 3750 instrumento
1101 3680 1133 3738 in
1156 3699 1314 3764 personam
1328 3700 1422 3740 eorum

315 3795 418 3871 agam,
439 3794 488 3853 vel
509 3791 737 3867 promotoriales
762 3809 779 3848 a
803 3789 929 3848 Camere
943 3789 1111 3864 impetrem.
1154 3787 1271 3851 Ultima
1285 3791 1423 3868 hypothe-

315 3924 349 3964 ca
370 3905 402 3962 in
416 3903 435 3960 J
437 3903 545 3961 enallet
559 3902 589 3977 3)
613 3903 670 3975 ost,
696 3919 784 3976 quem
807 3917 918 3976 pagum
939 3902 1012 3975 puto
1020 3899 1225 3974 jurisdictioni
1238 3901 1356 3960 comitis
1369 3899 1422 3958 111-

317 4014 399 4072 zurdi
430 4012 598 4088 subjectum
632 4029 695 4069 esse
709 4011 750 4086 4).
791 4009 839 4068 Ab
866 4026 957 4068 uxore
978 4009 1056 4068 forte
1078 4010 1145 4086 plus
1167 4010 1332 4086 aequitatis
1353 4009 1422 4071 obti-

314 4122 441 4196 nebitis,
473 4140 564 4197 quam
583 4121 621 4179 ab
645 4120 712 4194 illo,
749 4137 842 4195 eoque
866 4118 978 4196 magis,
1001 4119 1027 4177 si
1048 4119 1247 4195 intellexerit,
1268 4141 1332 4180 rem
1354 4119 1422 4179 serio

314 4234 373 4310 agi.
425 4232 574 4308 Quicquid
602 4229 692 4305 hujus
724 4231 769 4288 est
800 4231 919 4288 vestrae
953 4229 1153 4289 moderationi
1185 4232 1217 4289 et
1252 4228 1422 4306 prudentiae

348 4400 373 4462 1)
409 4398 440 4448 1111
458 4397 602 4448 November.

350 4495 375 4558 2)
409 4493 496 4543 Diesor
513 4493 601 4542 Absutz
620 4491 654 4540 ist
670 4492 806 4555 oritorum
823 4490 905 4540 Runde
925 4490 1089 4556 hinzugefiigt.

350 4591 374 4654 3)
409 4589 520 4648 Jcnnolt,
537 4590 597 4637 Amt
612 4585 713 4636 Emden.

348 4689 373 4749 4)
409 4681 601 4748 Eigenhtndiger
618 4683 703 4733 ersrtz
725 4697 763 4733 um
780 4681 873 4733 Raude.
