<?xml version="1.0" encoding="UTF-8"?>
<!DOCTYPE html PUBLIC "-//W3C//DTD XHTML 1.0 Transitional//EN"
    "http://www.w3.org/TR/xhtml1/DTD/xhtml1-transitional.dtd">
<html xmlns="http://www.w3.org/1999/xhtml" xml:lang="en" lang="en">
 <head>
  <title>
</title>
<meta http-equiv="Content-Type" content="text/html;charset=utf-8" />
  <meta name='ocr-system' content='tesseract 3.04.00' />
  <meta name='ocr-capabilities' content='ocr_page ocr_carea ocr_par ocr_line ocrx_word'/>
</head>
<body>
  <div class='ocr_page' id='page_1' title='image "./briefedesaggaeu00ackegoog_0058.png"; bbox 0 0 3028 5348; ppageno 0'>
   <div class='ocr_carea' id='block_1_1' title="bbox 503 507 1206 570">
    <p class='ocr_par' dir='ltr' id='par_1_1' title="bbox 503 507 1206 570">
     <span class='ocr_line' id='line_1_1' title="bbox 503 507 1206 570; baseline 0 0"><span class='ocrx_word' id='word_1_1' title='bbox 503 525 660 570; x_wconf 73' lang='lat' dir='ltr'><strong>munnam</strong></span> <span class='ocrx_word' id='word_1_2' title='bbox 680 525 811 568; x_wconf 72' lang='lat' dir='ltr'><strong>nonna.</strong></span> <span class='ocrx_word' id='word_1_3' title='bbox 1166 507 1206 570; x_wconf 85' lang='lat'><strong>29</strong></span> 
     </span>
    </p>
   </div>
   <div class='ocr_carea' id='block_1_2' title="bbox 98 685 1206 1094">
    <p class='ocr_par' dir='ltr' id='par_1_2' title="bbox 98 685 1206 972">
     <span class='ocr_line' id='line_1_2' title="bbox 99 685 1206 772; baseline -0.006 -18"><span class='ocrx_word' id='word_1_4' title='bbox 99 693 169 766; x_wconf 86' lang='lat' dir='ltr'><strong>rint,</strong></span> <span class='ocrx_word' id='word_1_5' title='bbox 188 711 265 772; x_wconf 87' lang='lat' dir='ltr'><strong>qnae</strong></span> <span class='ocrx_word' id='word_1_6' title='bbox 284 691 379 753; x_wconf 86' lang='lat' dir='ltr'><strong>variis</strong></span> <span class='ocrx_word' id='word_1_7' title='bbox 399 689 491 751; x_wconf 88' lang='lat' dir='ltr'><strong>etiam</strong></span> <span class='ocrx_word' id='word_1_8' title='bbox 511 686 755 748; x_wconf 74' lang='lat' dir='ltr'><strong>annotationibus</strong></span> <span class='ocrx_word' id='word_1_9' title='bbox 775 687 814 746; x_wconf 86' lang='lat' dir='ltr'><strong>ad</strong></span> <span class='ocrx_word' id='word_1_10' title='bbox 831 685 1079 762; x_wconf 86' lang='lat' dir='ltr'><strong>justificationem</strong></span> <span class='ocrx_word' id='word_1_11' title='bbox 1099 703 1206 747; x_wconf 86' lang='lat' dir='ltr'><strong>causae</strong></span> 
     </span>
     <span class='ocr_line' id='line_1_3' title="bbox 98 794 1206 877; baseline -0.007 -13"><span class='ocrx_word' id='word_1_12' title='bbox 98 806 224 877; x_wconf 87' lang='lat' dir='ltr'><strong>nostrae,</strong></span> <span class='ocrx_word' id='word_1_13' title='bbox 245 802 400 862; x_wconf 84' lang='lat' dir='ltr'><strong>illustrata</strong></span> <span class='ocrx_word' id='word_1_14' title='bbox 426 801 506 860; x_wconf 87' lang='lat' dir='ltr'><strong>sunt.</strong></span> <span class='ocrx_word' id='word_1_15' title='bbox 547 797 627 857; x_wconf 88' lang='lat' dir='ltr'><strong>Bene</strong></span> <span class='ocrx_word' id='word_1_16' title='bbox 657 796 772 869; x_wconf 84' lang='lat' dir='ltr'><strong>valete,</strong></span> <span class='ocrx_word' id='word_1_17' title='bbox 794 794 852 858; x_wconf 81' lang='lat' dir='ltr'><strong>viri</strong></span> <span class='ocrx_word' id='word_1_18' title='bbox 871 794 992 872; x_wconf 88' lang='lat' dir='ltr'><strong>optimi,</strong></span> <span class='ocrx_word' id='word_1_19' title='bbox 1013 798 1044 856; x_wconf 92' lang='lat' dir='ltr'><strong>et</strong></span> <span class='ocrx_word' id='word_1_20' title='bbox 1061 794 1206 856; x_wconf 82' lang='lat' dir='ltr'><strong>amantis-</strong></span> 
     </span>
     <span class='ocr_line' id='line_1_4' title="bbox 98 913 169 972; baseline -0.014 0"><span class='ocrx_word' id='word_1_21' title='bbox 98 913 169 972; x_wconf 88' lang='lat' dir='ltr'><strong>simi.</strong></span> 
     </span>
    </p>

    <p class='ocr_par' dir='ltr' id='par_1_3' title="bbox 136 1013 802 1094">
     <span class='ocr_line' id='line_1_5' title="bbox 136 1013 802 1094; baseline -0.015 -11"><span class='ocrx_word' id='word_1_22' title='bbox 136 1020 288 1094; x_wconf 81' lang='lat' dir='ltr'><strong>Coloniae,</strong></span> <span class='ocrx_word' id='word_1_23' title='bbox 309 1018 420 1080; x_wconf 88' lang='lat' dir='ltr'><strong>ultima</strong></span> <span class='ocrx_word' id='word_1_24' title='bbox 440 1013 627 1087; x_wconf 81' lang='lat' dir='ltr'><strong>Decembris,</strong></span> <span class='ocrx_word' id='word_1_25' title='bbox 648 1032 728 1073; x_wconf 90' lang='lat' dir='ltr'><strong>anno</strong></span> <span class='ocrx_word' id='word_1_26' title='bbox 754 1014 802 1074; x_wconf 79' lang='lat'><strong>79.</strong></span> 
     </span>
    </p>
   </div>
   <div class='ocr_carea' id='block_1_3' title="bbox 544 1325 747 1337">
    <p class='ocr_par' dir='ltr' id='par_1_4' title="bbox 544 1325 747 1337">
     <span class='ocr_line' id='line_1_6' title="bbox 544 1325 747 1337; baseline -0.015 0"><span class='ocrx_word' id='word_1_27' title='bbox 544 1325 747 1337; x_wconf 79' lang='grc'><strong>-.----</strong></span> 
     </span>
    </p>
   </div>
   <div class='ocr_carea' id='block_1_4' title="bbox 100 1575 1207 1652">
    <p class='ocr_par' dir='ltr' id='par_1_5' title="bbox 100 1575 1207 1652">
     <span class='ocr_line' id='line_1_7' title="bbox 100 1575 1207 1652; baseline -0.001 -1"><span class='ocrx_word' id='word_1_28' title='bbox 100 1593 142 1652; x_wconf 83' lang='lat'><strong>14.</strong></span> <span class='ocrx_word' id='word_1_29' title='bbox 221 1585 224 1594; x_wconf 75' lang='grc'>’</span> <span class='ocrx_word' id='word_1_30' title='bbox 371 1591 529 1652; x_wconf 70' lang='lat' dir='ltr'><strong>Caroeam</strong></span> <span class='ocrx_word' id='word_1_31' title='bbox 561 1590 619 1649; x_wconf 86' lang='lat' dir='ltr'><strong>viro</strong></span> <span class='ocrx_word' id='word_1_32' title='bbox 652 1591 761 1648; x_wconf 80' lang='lat' dir='ltr'><strong>dominc</strong></span> <span class='ocrx_word' id='word_1_33' title='bbox 791 1575 949 1646; x_wconf 71' lang='lat' dir='ltr'><strong>inuenero</strong></span> <span class='ocrx_word' id='word_1_34' title='bbox 977 1591 1147 1649; x_wconf 75' lang='lat' dir='ltr'><strong>lcannal.</strong></span> <span class='ocrx_word' id='word_1_35' title='bbox 1173 1591 1207 1652; x_wconf 89' lang='lat' dir='ltr'><strong>U.</strong></span> 
     </span>
    </p>
   </div>
   <div class='ocr_carea' id='block_1_5' title="bbox 328 1700 1208 1871">
    <p class='ocr_par' dir='ltr' id='par_1_6' title="bbox 328 1700 1208 1871">
     <span class='ocr_line' id='line_1_8' title="bbox 328 1700 1208 1778; baseline -0.002 -16"><span class='ocrx_word' id='word_1_36' title='bbox 328 1703 459 1776; x_wconf 79' lang='lat' dir='ltr'><strong>Doctom‘,</strong></span> <span class='ocrx_word' id='word_1_37' title='bbox 490 1702 613 1760; x_wconf 78' lang='lat' dir='ltr'><strong>senatori</strong></span> <span class='ocrx_word' id='word_1_38' title='bbox 645 1700 841 1778; x_wconf 72' lang='lat' dir='ltr'><strong>Grooiopecrsi,</strong></span> <span class='ocrx_word' id='word_1_39' title='bbox 862 1700 950 1759; x_wconf 81' lang='lat' dir='ltr'><strong>amieo</strong></span> <span class='ocrx_word' id='word_1_40' title='bbox 970 1719 1019 1759; x_wconf 80' lang='lat' dir='ltr'><strong>sao</strong></span> <span class='ocrx_word' id='word_1_41' title='bbox 1039 1700 1208 1760; x_wconf 77' lang='lat' dir='ltr'><strong>clarissimo.</strong></span> 
     </span>
     <span class='ocr_line' id='line_1_9' title="bbox 328 1811 688 1871; baseline -0.008 0"><span class='ocrx_word' id='word_1_42' title='bbox 328 1813 398 1871; x_wconf 86' lang='lat' dir='ltr'><strong>Dem</strong></span> <span class='ocrx_word' id='word_1_43' title='bbox 418 1812 521 1871; x_wconf 81' lang='lat' dir='ltr'><strong>Bottcn</strong></span> <span class='ocrx_word' id='word_1_44' title='bbox 544 1811 560 1868; x_wconf 93' lang='lat'>1</span> <span class='ocrx_word' id='word_1_45' title='bbox 583 1811 688 1870; x_wconf 81' lang='lat' dir='ltr'><strong>italler.</strong></span> 
     </span>
    </p>
   </div>
   <div class='ocr_carea' id='block_1_6' title="bbox 773 1965 1167 2092">
    <p class='ocr_par' dir='ltr' id='par_1_7' title="bbox 773 1965 1167 2092">
     <span class='ocr_line' id='line_1_10' title="bbox 773 1965 1167 2092; baseline 0.008 -17"><span class='ocrx_word' id='word_1_46' title='bbox 773 1965 780 1978; x_wconf 30' lang='grc' dir='ltr'>ι</span> <span class='ocrx_word' id='word_1_47' title='bbox 828 2016 926 2092; x_wconf 85' lang='lat' dir='ltr'><strong>Kliln,</strong></span> <span class='ocrx_word' id='word_1_48' title='bbox 947 2017 967 2075; x_wconf 88' lang='lat'>4</span> <span class='ocrx_word' id='word_1_49' title='bbox 987 2016 1056 2077; x_wconf 87' lang='lat' dir='ltr'><strong>Jan.</strong></span> <span class='ocrx_word' id='word_1_50' title='bbox 1079 2019 1167 2079; x_wconf 73' lang='lat'>1580.</span> 
     </span>
    </p>
   </div>
   <div class='ocr_carea' id='block_1_7' title="bbox 100 2225 1210 4720">
    <p class='ocr_par' dir='ltr' id='par_1_8' title="bbox 100 2225 1210 4720">
     <span class='ocr_line' id='line_1_11' title="bbox 137 2225 1206 2303; baseline 0.003 -18"><span class='ocrx_word' id='word_1_51' title='bbox 137 2226 273 2289; x_wconf 76' lang='lat' dir='ltr'>Salutem.</span> <span class='ocrx_word' id='word_1_52' title='bbox 314 2226 433 2287; x_wconf 84' lang='lat' dir='ltr'><strong>Literas</strong></span> <span class='ocrx_word' id='word_1_53' title='bbox 455 2229 525 2287; x_wconf 91' lang='lat' dir='ltr'><strong>tuas</strong></span> <span class='ocrx_word' id='word_1_54' title='bbox 546 2246 615 2286; x_wconf 91' lang='lat' dir='ltr'><strong>cum</strong></span> <span class='ocrx_word' id='word_1_55' title='bbox 636 2225 793 2302; x_wconf 82' lang='lat' dir='ltr'><strong>uoluptate</strong></span> <span class='ocrx_word' id='word_1_56' title='bbox 806 2225 866 2303; x_wconf 80' lang='lat' dir='ltr'><strong>legi</strong></span> <span class='ocrx_word' id='word_1_57' title='bbox 878 2271 885 2300; x_wconf 92' lang='lat'><strong>,</strong></span> <span class='ocrx_word' id='word_1_58' title='bbox 899 2226 978 2302; x_wconf 88' lang='lat' dir='ltr'><strong>quod</strong></span> <span class='ocrx_word' id='word_1_59' title='bbox 992 2245 1028 2285; x_wconf 86' lang='lat' dir='ltr'><strong>ex</strong></span> <span class='ocrx_word' id='word_1_60' title='bbox 1040 2226 1078 2285; x_wconf 92' lang='lat' dir='ltr'><strong>iis</strong></span> <span class='ocrx_word' id='word_1_61' title='bbox 1091 2229 1206 2288; x_wconf 86' lang='lat' dir='ltr'><strong>statum</strong></span> 
     </span>
     <span class='ocr_line' id='line_1_12' title="bbox 100 2334 1206 2412; baseline 0.003 -18"><span class='ocrx_word' id='word_1_62' title='bbox 100 2335 223 2397; x_wconf 84' lang='lat' dir='ltr'><strong>civitatis</strong></span> <span class='ocrx_word' id='word_1_63' title='bbox 244 2338 362 2397; x_wconf 87' lang='lat' dir='ltr'><strong>vestrae</strong></span> <span class='ocrx_word' id='word_1_64' title='bbox 383 2335 597 2411; x_wconf 75' lang='lat' dir='ltr'><strong>intellexerim,</strong></span> <span class='ocrx_word' id='word_1_65' title='bbox 619 2335 671 2412; x_wconf 91' lang='lat' dir='ltr'><strong>qui</strong></span> <span class='ocrx_word' id='word_1_66' title='bbox 693 2334 766 2394; x_wconf 88' lang='lat' dir='ltr'><strong>mihi</strong></span> <span class='ocrx_word' id='word_1_67' title='bbox 790 2353 861 2410; x_wconf 87' lang='lat' dir='ltr'><strong>prae</strong></span> <span class='ocrx_word' id='word_1_68' title='bbox 882 2335 1007 2396; x_wconf 89' lang='lat' dir='ltr'><strong>caeteris</strong></span> <span class='ocrx_word' id='word_1_69' title='bbox 1028 2337 1140 2396; x_wconf 90' lang='lat' dir='ltr'><strong>efficere</strong></span> <span class='ocrx_word' id='word_1_70' title='bbox 1160 2336 1206 2397; x_wconf 81' lang='lat' dir='ltr'><strong>vi·</strong></span> 
     </span>
     <span class='ocr_line' id='line_1_13' title="bbox 100 2443 1205 2520; baseline 0.005 -18"><span class='ocrx_word' id='word_1_71' title='bbox 100 2444 194 2518; x_wconf 85' lang='lat' dir='ltr'><strong>detur,</strong></span> <span class='ocrx_word' id='word_1_72' title='bbox 224 2448 260 2505; x_wconf 89' lang='lat' dir='ltr'><strong>ut</strong></span> <span class='ocrx_word' id='word_1_73' title='bbox 288 2445 388 2505; x_wconf 85' lang='lat' dir='ltr'><strong>hostes</strong></span> <span class='ocrx_word' id='word_1_74' title='bbox 414 2443 512 2505; x_wconf 86' lang='lat' dir='ltr'><strong>nostri</strong></span> <span class='ocrx_word' id='word_1_75' title='bbox 544 2444 582 2504; x_wconf 87' lang='lat' dir='ltr'><strong>ad</strong></span> <span class='ocrx_word' id='word_1_76' title='bbox 606 2445 757 2520; x_wconf 87' lang='lat' dir='ltr'><strong>inceptam</strong></span> <span class='ocrx_word' id='word_1_77' title='bbox 781 2444 1000 2520; x_wconf 81' lang='lat' dir='ltr'><strong>expeditionem</strong></span> <span class='ocrx_word' id='word_1_78' title='bbox 1021 2447 1205 2509; x_wconf 86' lang='lat' dir='ltr'><strong>remissiores</strong></span> 
     </span>
     <span class='ocr_line' id='line_1_14' title="bbox 102 2553 1205 2630; baseline 0.006 -18"><span class='ocrx_word' id='word_1_79' title='bbox 102 2553 180 2628; x_wconf 83' lang='lat' dir='ltr'><strong>liant3</strong></span> <span class='ocrx_word' id='word_1_80' title='bbox 201 2555 225 2615; x_wconf 90' lang='lat' dir='ltr'><strong>ei</strong></span> <span class='ocrx_word' id='word_1_81' title='bbox 247 2558 350 2615; x_wconf 89' lang='lat' dir='ltr'><strong>tamen</strong></span> <span class='ocrx_word' id='word_1_82' title='bbox 369 2555 500 2614; x_wconf 89' lang='lat' dir='ltr'><strong>mutatio</strong></span> <span class='ocrx_word' id='word_1_83' title='bbox 521 2554 623 2630; x_wconf 90' lang='lat' dir='ltr'><strong>aliqua</strong></span> <span class='ocrx_word' id='word_1_84' title='bbox 644 2573 747 2613; x_wconf 88' lang='lat' dir='ltr'><strong>rursus</strong></span> <span class='ocrx_word' id='word_1_85' title='bbox 767 2553 924 2627; x_wconf 85' lang='lat' dir='ltr'><strong>inciderit,</strong></span> <span class='ocrx_word' id='word_1_86' title='bbox 946 2575 981 2614; x_wconf 83' lang='lat' dir='ltr'><strong>ex</strong></span> <span class='ocrx_word' id='word_1_87' title='bbox 1003 2575 1038 2615; x_wconf 87' lang='lat' dir='ltr'><strong>ea</strong></span> <span class='ocrx_word' id='word_1_88' title='bbox 1051 2574 1131 2618; x_wconf 84' lang='lat' dir='ltr'><strong>nova</strong></span> <span class='ocrx_word' id='word_1_89' title='bbox 1144 2557 1205 2619; x_wconf 86' lang='lat' dir='ltr'><strong>illis</strong></span> 
     </span>
     <span class='ocr_line' id='line_1_15' title="bbox 102 2664 1204 2743; baseline 0.006 -20"><span class='ocrx_word' id='word_1_90' title='bbox 102 2665 207 2725; x_wconf 86' lang='lat' dir='ltr'><strong>occasio</strong></span> <span class='ocrx_word' id='word_1_91' title='bbox 239 2666 341 2726; x_wconf 85' lang='lat' dir='ltr'><strong>offeni</strong></span> <span class='ocrx_word' id='word_1_92' title='bbox 371 2667 481 2743; x_wconf 88' lang='lat' dir='ltr'><strong>posset.</strong></span> <span class='ocrx_word' id='word_1_93' title='bbox 534 2664 733 2735; x_wconf 83' lang='lat' dir='ltr'><strong>Quamobrem</strong></span> <span class='ocrx_word' id='word_1_94' title='bbox 764 2683 882 2725; x_wconf 91' lang='lat' dir='ltr'><strong>omnem</strong></span> <span class='ocrx_word' id='word_1_95' title='bbox 915 2685 1036 2742; x_wconf 88' lang='lat' dir='ltr'><strong>operam</strong></span> <span class='ocrx_word' id='word_1_96' title='bbox 1057 2667 1128 2729; x_wconf 89' lang='lat' dir='ltr'><strong>dare</strong></span> <span class='ocrx_word' id='word_1_97' title='bbox 1149 2688 1204 2730; x_wconf 82' lang='lat' dir='ltr'><strong>vos</strong></span> 
     </span>
     <span class='ocr_line' id='line_1_16' title="bbox 102 2769 1209 2853; baseline 0.005 -20"><span class='ocrx_word' id='word_1_98' title='bbox 102 2778 220 2850; x_wconf 89' lang='lat' dir='ltr'><strong>oportet,</strong></span> <span class='ocrx_word' id='word_1_99' title='bbox 242 2778 278 2836; x_wconf 87' lang='lat' dir='ltr'><strong>ot</strong></span> <span class='ocrx_word' id='word_1_100' title='bbox 297 2776 330 2835; x_wconf 92' lang='lat' dir='ltr'><strong>in</strong></span> <span class='ocrx_word' id='word_1_101' title='bbox 350 2795 385 2836; x_wconf 90' lang='lat' dir='ltr'><strong>ea</strong></span> <span class='ocrx_word' id='word_1_102' title='bbox 404 2775 575 2848; x_wconf 86' lang='lat' dir='ltr'><strong>eoncordia,</strong></span> <span class='ocrx_word' id='word_1_103' title='bbox 607 2775 639 2832; x_wconf 91' lang='lat' dir='ltr'><strong>in</strong></span> <span class='ocrx_word' id='word_1_104' title='bbox 660 2793 720 2852; x_wconf 86' lang='lat' dir='ltr'><strong>qua</strong></span> <span class='ocrx_word' id='word_1_105' title='bbox 739 2793 819 2834; x_wconf 89' lang='lat' dir='ltr'><strong>nuno</strong></span> <span class='ocrx_word' id='word_1_106' title='bbox 840 2775 927 2849; x_wconf 88' lang='lat' dir='ltr'><strong>estis,</strong></span> <span class='ocrx_word' id='word_1_107' title='bbox 952 2769 1209 2853; x_wconf 85' lang='lat' dir='ltr'><strong>permaneatis,et</strong></span> 
     </span>
     <span class='ocr_line' id='line_1_17' title="bbox 102 2881 1207 2965; baseline 0.005 -22"><span class='ocrx_word' id='word_1_108' title='bbox 102 2884 123 2943; x_wconf 88' lang='lat' dir='ltr'><strong>si</strong></span> <span class='ocrx_word' id='word_1_109' title='bbox 141 2881 200 2944; x_wconf 87' lang='lat' dir='ltr'><strong>ulla</strong></span> <span class='ocrx_word' id='word_1_110' title='bbox 220 2885 337 2947; x_wconf 86' lang='lat' dir='ltr'><strong>ratione</strong></span> <span class='ocrx_word' id='word_1_111' title='bbox 357 2885 422 2946; x_wconf 85' lang='lat' dir='ltr'><strong>fieri</strong></span> <span class='ocrx_word' id='word_1_112' title='bbox 447 2887 552 2963; x_wconf 88' lang='lat' dir='ltr'><strong>queat,</strong></span> <span class='ocrx_word' id='word_1_113' title='bbox 575 2885 646 2944; x_wconf 88' lang='lat' dir='ltr'><strong>dum</strong></span> <span class='ocrx_word' id='word_1_114' title='bbox 667 2903 826 2964; x_wconf 87' lang='lat' dir='ltr'><strong>generosus</strong></span> <span class='ocrx_word' id='word_1_115' title='bbox 847 2905 946 2946; x_wconf 90' lang='lat' dir='ltr'><strong>comes</strong></span> <span class='ocrx_word' id='word_1_116' title='bbox 959 2888 1039 2963; x_wconf 87' lang='lat' dir='ltr'><strong>apud</strong></span> <span class='ocrx_word' id='word_1_117' title='bbox 1052 2905 1107 2948; x_wconf 82' lang='lat' dir='ltr'><strong>vos</strong></span> <span class='ocrx_word' id='word_1_118' title='bbox 1120 2907 1207 2965; x_wconf 87' lang='lat' dir='ltr'><strong>prae·</strong></span> 
     </span>
     <span class='ocr_line' id='line_1_18' title="bbox 103 2994 1207 3078; baseline 0.007 -27"><span class='ocrx_word' id='word_1_119' title='bbox 103 2998 240 3068; x_wconf 80' lang='lat' dir='ltr'><strong>senseat,</strong></span> <span class='ocrx_word' id='word_1_120' title='bbox 261 2995 384 3055; x_wconf 86' lang='lat' dir='ltr'><strong>modum</strong></span> <span class='ocrx_word' id='word_1_121' title='bbox 409 2994 538 3057; x_wconf 86' lang='lat' dir='ltr'><strong>inveniri</strong></span> <span class='ocrx_word' id='word_1_122' title='bbox 562 2996 713 3072; x_wconf 88' lang='lat' dir='ltr'><strong>optarem,</strong></span> <span class='ocrx_word' id='word_1_123' title='bbox 735 3013 794 3072; x_wconf 93' lang='lat' dir='ltr'><strong>quo</strong></span> <span class='ocrx_word' id='word_1_124' title='bbox 815 2995 922 3057; x_wconf 87' lang='lat' dir='ltr'><strong>civitas</strong></span> <span class='ocrx_word' id='word_1_125' title='bbox 936 3000 1037 3058; x_wconf 85' lang='lat' dir='ltr'><strong>vestra</strong></span> <span class='ocrx_word' id='word_1_126' title='bbox 1052 3017 1119 3057; x_wconf 88' lang='lat' dir='ltr'><strong>cum</strong></span> <span class='ocrx_word' id='word_1_127' title='bbox 1134 3017 1207 3078; x_wconf 79' lang='lat' dir='ltr'><strong>agro</strong></span> 
     </span>
     <span class='ocr_line' id='line_1_19' title="bbox 103 3103 1208 3181; baseline 0.009 -23"><span class='ocrx_word' id='word_1_128' title='bbox 103 3104 308 3165; x_wconf 77' lang='lat' dir='ltr'><strong>reconcilietur.</strong></span> <span class='ocrx_word' id='word_1_129' title='bbox 350 3103 457 3164; x_wconf 83' lang='lat' dir='ltr'><strong>Stante</strong></span> <span class='ocrx_word' id='word_1_130' title='bbox 479 3103 559 3164; x_wconf 90' lang='lat' dir='ltr'><strong>enim</strong></span> <span class='ocrx_word' id='word_1_131' title='bbox 579 3104 640 3164; x_wconf 85' lang='lat' dir='ltr'><strong>illa</strong></span> <span class='ocrx_word' id='word_1_132' title='bbox 656 3103 819 3177; x_wconf 88' lang='lat' dir='ltr'><strong>discordia,</strong></span> <span class='ocrx_word' id='word_1_133' title='bbox 842 3123 956 3181; x_wconf 89' lang='lat' dir='ltr'><strong>semper</strong></span> <span class='ocrx_word' id='word_1_134' title='bbox 976 3105 1114 3166; x_wconf 79' lang='lat' dir='ltr'><strong>hostibus</strong></span> <span class='ocrx_word' id='word_1_135' title='bbox 1137 3126 1208 3168; x_wconf 90' lang='lat' dir='ltr'><strong>nos·</strong></span> 
     </span>
     <span class='ocr_line' id='line_1_20' title="bbox 102 3190 1210 3293; baseline 0.005 -21"><span class='ocrx_word' id='word_1_136' title='bbox 102 3213 150 3274; x_wconf 86' lang='lat' dir='ltr'><strong>tris</strong></span> <span class='ocrx_word' id='word_1_137' title='bbox 178 3213 306 3274; x_wconf 86' lang='lat' dir='ltr'><strong>materia</strong></span> <span class='ocrx_word' id='word_1_138' title='bbox 336 3213 375 3273; x_wconf 86' lang='lat' dir='ltr'><strong>ad</strong></span> <span class='ocrx_word' id='word_1_139' title='bbox 405 3190 586 3274; x_wconf 87' lang='lat' dir='ltr'><strong>tentandum</strong></span> <span class='ocrx_word' id='word_1_140' title='bbox 616 3214 746 3292; x_wconf 89' lang='lat' dir='ltr'><strong>aliquid,</strong></span> <span class='ocrx_word' id='word_1_141' title='bbox 777 3233 836 3293; x_wconf 94' lang='lat' dir='ltr'><strong>quo</strong></span> <span class='ocrx_word' id='word_1_142' title='bbox 864 3216 981 3275; x_wconf 86' lang='lat' dir='ltr'><strong>turbari</strong></span> <span class='ocrx_word' id='word_1_143' title='bbox 1001 3215 1085 3292; x_wconf 90' lang='lat' dir='ltr'><strong>quies</strong></span> <span class='ocrx_word' id='word_1_144' title='bbox 1106 3219 1210 3278; x_wconf 83' lang='lat' dir='ltr'><strong>vestra</strong></span> 
     </span>
     <span class='ocr_line' id='line_1_21' title="bbox 101 3321 1209 3401; baseline 0.005 -20"><span class='ocrx_word' id='word_1_145' title='bbox 101 3322 218 3398; x_wconf 87' lang='lat' dir='ltr'><strong>poterit,</strong></span> <span class='ocrx_word' id='word_1_146' title='bbox 251 3324 402 3399; x_wconf 88' lang='lat' dir='ltr'><strong>suppetet.</strong></span> <span class='ocrx_word' id='word_1_147' title='bbox 454 3321 499 3382; x_wconf 92' lang='lat' dir='ltr'><strong>De</strong></span> <span class='ocrx_word' id='word_1_148' title='bbox 521 3322 576 3382; x_wconf 87' lang='lat' dir='ltr'><strong>hac</strong></span> <span class='ocrx_word' id='word_1_149' title='bbox 597 3342 628 3382; x_wconf 89' lang='lat' dir='ltr'><strong>re</strong></span> <span class='ocrx_word' id='word_1_150' title='bbox 650 3323 764 3398; x_wconf 84' lang='lat' dir='ltr'><strong>aliquid</strong></span> <span class='ocrx_word' id='word_1_151' title='bbox 784 3323 823 3383; x_wconf 86' lang='lat' dir='ltr'><strong>ad</strong></span> <span class='ocrx_word' id='word_1_152' title='bbox 846 3324 1139 3401; x_wconf 88' lang='lat' dir='ltr'><strong>praestantissimum</strong></span> <span class='ocrx_word' id='word_1_153' title='bbox 1162 3327 1209 3388; x_wconf 80' lang='lat' dir='ltr'><strong>vi·</strong></span> 
     </span>
     <span class='ocr_line' id='line_1_22' title="bbox 101 3431 1206 3511; baseline 0.006 -21"><span class='ocrx_word' id='word_1_154' title='bbox 101 3449 161 3491; x_wconf 91' lang='lat' dir='ltr'><strong>rum</strong></span> <span class='ocrx_word' id='word_1_155' title='bbox 187 3432 341 3492; x_wconf 85' lang='lat' dir='ltr'><strong>dominum</strong></span> <span class='ocrx_word' id='word_1_156' title='bbox 362 3431 539 3508; x_wconf 87' lang='lat' dir='ltr'><strong>Pompejum</strong></span> <span class='ocrx_word' id='word_1_157' title='bbox 559 3431 685 3494; x_wconf 87' lang='lat' dir='ltr'><strong>Uffkens</strong></span> <span class='ocrx_word' id='word_1_158' title='bbox 706 3433 825 3509; x_wconf 82' lang='lat' dir='ltr'><strong>scripsi:</strong></span> <span class='ocrx_word' id='word_1_159' title='bbox 848 3434 896 3493; x_wconf 88' lang='lat' dir='ltr'><strong>cui</strong></span> <span class='ocrx_word' id='word_1_160' title='bbox 918 3434 1066 3495; x_wconf 87' lang='lat' dir='ltr'><strong>etiamad</strong></span> <span class='ocrx_word' id='word_1_161' title='bbox 1085 3436 1206 3511; x_wconf 90' lang='lat' dir='ltr'><strong>petitio·</strong></span> 
     </span>
     <span class='ocr_line' id='line_1_23' title="bbox 101 3541 1208 3621; baseline 0.006 -21"><span class='ocrx_word' id='word_1_162' title='bbox 101 3558 162 3601; x_wconf 90' lang='lat' dir='ltr'><strong>nem</strong></span> <span class='ocrx_word' id='word_1_163' title='bbox 183 3541 287 3616; x_wconf 86' lang='lat' dir='ltr'><strong>istam,</strong></span> <span class='ocrx_word' id='word_1_164' title='bbox 309 3560 394 3616; x_wconf 85' lang='lat' dir='ltr'><strong>quus</strong></span> <span class='ocrx_word' id='word_1_165' title='bbox 418 3543 449 3601; x_wconf 87' lang='lat' dir='ltr'><strong>et</strong></span> <span class='ocrx_word' id='word_1_166' title='bbox 469 3541 557 3602; x_wconf 88' lang='lat' dir='ltr'><strong>tuin</strong></span> <span class='ocrx_word' id='word_1_167' title='bbox 577 3541 673 3602; x_wconf 90' lang='lat' dir='ltr'><strong>literis</strong></span> <span class='ocrx_word' id='word_1_168' title='bbox 694 3542 755 3602; x_wconf 89' lang='lat' dir='ltr'><strong>tuis</strong></span> <span class='ocrx_word' id='word_1_169' title='bbox 777 3561 890 3603; x_wconf 90' lang='lat' dir='ltr'><strong>memor</strong></span> <span class='ocrx_word' id='word_1_170' title='bbox 907 3561 954 3619; x_wconf 91' lang='lat' dir='ltr'><strong>ss,</strong></span> <span class='ocrx_word' id='word_1_171' title='bbox 976 3545 1126 3621; x_wconf 86' lang='lat' dir='ltr'><strong>respondi.</strong></span> <span class='ocrx_word' id='word_1_172' title='bbox 1148 3544 1208 3608; x_wconf 81' lang='lat' dir='ltr'><strong>Sed</strong></span> 
     </span>
     <span class='ocr_line' id='line_1_24' title="bbox 102 3651 1207 3729; baseline 0.005 -18"><span class='ocrx_word' id='word_1_173' title='bbox 102 3655 129 3712; x_wconf 89' lang='lat' dir='ltr'><strong>ct</strong></span> <span class='ocrx_word' id='word_1_174' title='bbox 145 3655 212 3713; x_wconf 87' lang='lat' dir='ltr'><strong>ante</strong></span> <span class='ocrx_word' id='word_1_175' title='bbox 233 3669 268 3712; x_wconf 82' lang='lat' dir='ltr'><strong>ex</strong></span> <span class='ocrx_word' id='word_1_176' title='bbox 291 3651 389 3712; x_wconf 88' lang='lat' dir='ltr'><strong>literis</strong></span> <span class='ocrx_word' id='word_1_177' title='bbox 412 3651 501 3725; x_wconf 85' lang='lat' dir='ltr'><strong>meis,</strong></span> <span class='ocrx_word' id='word_1_178' title='bbox 523 3670 598 3728; x_wconf 86' lang='lat' dir='ltr'><strong>quas</strong></span> <span class='ocrx_word' id='word_1_179' title='bbox 619 3653 657 3712; x_wconf 86' lang='lat' dir='ltr'><strong>ad</strong></span> <span class='ocrx_word' id='word_1_180' title='bbox 678 3652 837 3729; x_wconf 87' lang='lat' dir='ltr'><strong>deputatos</strong></span> <span class='ocrx_word' id='word_1_181' title='bbox 860 3653 973 3714; x_wconf 77' lang='lat' dir='ltr'><strong>Frisios</strong></span> <span class='ocrx_word' id='word_1_182' title='bbox 996 3672 1036 3714; x_wconf 84' lang='lat' dir='ltr'><strong>xx</strong></span> <span class='ocrx_word' id='word_1_183' title='bbox 1051 3655 1207 3717; x_wconf 88' lang='lat' dir='ltr'><strong>Decembr.</strong></span> 
     </span>
     <span class='ocr_line' id='line_1_25' title="bbox 103 3761 1207 3837; baseline 0.007 -18"><span class='ocrx_word' id='word_1_184' title='bbox 103 3779 169 3836; x_wconf 88' lang='lat' dir='ltr'><strong>quas</strong></span> <span class='ocrx_word' id='word_1_185' title='bbox 187 3762 244 3822; x_wconf 86' lang='lat' dir='ltr'><strong>tibi</strong></span> <span class='ocrx_word' id='word_1_186' title='bbox 262 3761 431 3823; x_wconf 85' lang='lat' dir='ltr'><strong>transmitti</strong></span> <span class='ocrx_word' id='word_1_187' title='bbox 449 3761 527 3837; x_wconf 84' lang='lat' dir='ltr'><strong>jussi</strong></span> <span class='ocrx_word' id='word_1_188' title='bbox 550 3763 581 3821; x_wconf 91' lang='lat' dir='ltr'><strong>et</strong></span> <span class='ocrx_word' id='word_1_189' title='bbox 604 3761 710 3822; x_wconf 88' lang='lat' dir='ltr'><strong>deinde</strong></span> <span class='ocrx_word' id='word_1_190' title='bbox 733 3763 771 3822; x_wconf 78' lang='lat' dir='ltr'><strong>ari</strong></span> <span class='ocrx_word' id='word_1_191' title='bbox 794 3763 911 3823; x_wconf 89' lang='lat' dir='ltr'><strong>eosdem</strong></span> <span class='ocrx_word' id='word_1_192' title='bbox 932 3766 963 3824; x_wconf 90' lang='lat' dir='ltr'><strong>et</strong></span> <span class='ocrx_word' id='word_1_193' title='bbox 984 3764 1022 3824; x_wconf 89' lang='lat' dir='ltr'><strong>ad</strong></span> <span class='ocrx_word' id='word_1_194' title='bbox 1047 3767 1078 3824; x_wconf 94' lang='lat' dir='ltr'><strong>te</strong></span> <span class='ocrx_word' id='word_1_195' title='bbox 1099 3765 1207 3828; x_wconf 91' lang='lat' dir='ltr'><strong>ultimo</strong></span> 
     </span>
     <span class='ocr_line' id='line_1_26' title="bbox 101 3869 1208 3952; baseline 0.006 -24"><span class='ocrx_word' id='word_1_196' title='bbox 101 3869 263 3934; x_wconf 86' lang='lat' dir='ltr'><strong>Decembris</strong></span> <span class='ocrx_word' id='word_1_197' title='bbox 287 3872 370 3946; x_wconf 87' lang='lat' dir='ltr'><strong>dedi,</strong></span> <span class='ocrx_word' id='word_1_198' title='bbox 390 3871 597 3945; x_wconf 76' lang='lat' dir='ltr'><strong>intellexistis,</strong></span> <span class='ocrx_word' id='word_1_199' title='bbox 625 3872 722 3932; x_wconf 90' lang='lat' dir='ltr'><strong>Deum</strong></span> <span class='ocrx_word' id='word_1_200' title='bbox 743 3872 781 3932; x_wconf 90' lang='lat' dir='ltr'><strong>ad</strong></span> <span class='ocrx_word' id='word_1_201' title='bbox 803 3876 922 3952; x_wconf 88' lang='lat' dir='ltr'><strong>tempus</strong></span> <span class='ocrx_word' id='word_1_202' title='bbox 942 3874 1040 3935; x_wconf 85' lang='lat' dir='ltr'><strong>adhuc</strong></span> <span class='ocrx_word' id='word_1_203' title='bbox 1065 3893 1084 3934; x_wconf 89' lang='lat' dir='ltr'><strong>a</strong></span> <span class='ocrx_word' id='word_1_204' title='bbox 1107 3876 1208 3951; x_wconf 89' lang='lat' dir='ltr'><strong>patria</strong></span> 
     </span>
     <span class='ocr_line' id='line_1_27' title="bbox 100 3980 1208 4060; baseline 0.004 -22"><span class='ocrx_word' id='word_1_205' title='bbox 100 3983 194 4042; x_wconf 85' lang='lat' dir='ltr'><strong>nostra</strong></span> <span class='ocrx_word' id='word_1_206' title='bbox 213 3981 366 4060; x_wconf 84' lang='lat' dir='ltr'><strong>graviores</strong></span> <span class='ocrx_word' id='word_1_207' title='bbox 392 3980 597 4056; x_wconf 76' lang='lat' dir='ltr'><strong>calamitates,</strong></span> <span class='ocrx_word' id='word_1_208' title='bbox 620 3999 710 4060; x_wconf 88' lang='lat' dir='ltr'><strong>quam</strong></span> <span class='ocrx_word' id='word_1_209' title='bbox 735 3981 843 4058; x_wconf 90' lang='lat' dir='ltr'><strong>quibus</strong></span> <span class='ocrx_word' id='word_1_210' title='bbox 867 3983 1011 4042; x_wconf 87' lang='lat' dir='ltr'><strong>hactenus</strong></span> <span class='ocrx_word' id='word_1_211' title='bbox 1032 3982 1136 4042; x_wconf 88' lang='lat' dir='ltr'><strong>afflicti</strong></span> <span class='ocrx_word' id='word_1_212' title='bbox 1148 3982 1208 4042; x_wconf 85' lang='lat' dir='ltr'><strong>iui-</strong></span> 
     </span>
     <span class='ocr_line' id='line_1_28' title="bbox 100 4089 1207 4168; baseline 0.003 -18"><span class='ocrx_word' id='word_1_213' title='bbox 100 4108 174 4166; x_wconf 81' lang='lat' dir='ltr'><strong>mus,</strong></span> <span class='ocrx_word' id='word_1_214' title='bbox 194 4094 329 4155; x_wconf 86' lang='lat' dir='ltr'><strong>avertero</strong></span> <span class='ocrx_word' id='word_1_215' title='bbox 352 4091 437 4153; x_wconf 88' lang='lat' dir='ltr'><strong>velle.</strong></span> <span class='ocrx_word' id='word_1_216' title='bbox 479 4091 642 4168; x_wconf 86' lang='lat' dir='ltr'><strong>Propterea</strong></span> <span class='ocrx_word' id='word_1_217' title='bbox 665 4090 757 4150; x_wconf 90' lang='lat' dir='ltr'><strong>etiam</strong></span> <span class='ocrx_word' id='word_1_218' title='bbox 784 4109 845 4151; x_wconf 90' lang='lat' dir='ltr'><strong>non</strong></span> <span class='ocrx_word' id='word_1_219' title='bbox 869 4090 1013 4168; x_wconf 87' lang='lat' dir='ltr'><strong>displicet</strong></span> <span class='ocrx_word' id='word_1_220' title='bbox 1027 4089 1114 4164; x_wconf 91' lang='lat' dir='ltr'><strong>mihi,</strong></span> <span class='ocrx_word' id='word_1_221' title='bbox 1136 4109 1207 4153; x_wconf 93' lang='lat' dir='ltr'><strong>con·</strong></span> 
     </span>
     <span class='ocr_line' id='line_1_29' title="bbox 101 4198 1210 4278; baseline 0.004 -20"><span class='ocrx_word' id='word_1_222' title='bbox 101 4199 194 4260; x_wconf 87' lang='lat' dir='ltr'><strong>silium</strong></span> <span class='ocrx_word' id='word_1_223' title='bbox 216 4202 293 4262; x_wconf 83' lang='lat' dir='ltr'><strong>illbd</strong></span> <span class='ocrx_word' id='word_1_224' title='bbox 314 4221 413 4262; x_wconf 89' lang='lat' dir='ltr'><strong>meum</strong></span> <span class='ocrx_word' id='word_1_225' title='bbox 438 4201 474 4261; x_wconf 89' lang='lat' dir='ltr'><strong>de</strong></span> <span class='ocrx_word' id='word_1_226' title='bbox 493 4200 629 4262; x_wconf 87' lang='lat' dir='ltr'><strong>custodia</strong></span> <span class='ocrx_word' id='word_1_227' title='bbox 649 4200 838 4278; x_wconf 75' lang='lat' dir='ltr'><strong>quorundam</strong></span> <span class='ocrx_word' id='word_1_228' title='bbox 863 4201 971 4260; x_wconf 87' lang='lat' dir='ltr'><strong>effectu</strong></span> <span class='ocrx_word' id='word_1_229' title='bbox 992 4198 1134 4261; x_wconf 86' lang='lat' dir='ltr'><strong>caruisse.</strong></span> <span class='ocrx_word' id='word_1_230' title='bbox 1168 4201 1210 4262; x_wconf 83' lang='lat' dir='ltr'><strong>Et</strong></span> 
     </span>
     <span class='ocr_line' id='line_1_30' title="bbox 101 4310 1208 4391; baseline 0.002 -23"><span class='ocrx_word' id='word_1_231' title='bbox 101 4327 166 4372; x_wconf 86' lang='lat' dir='ltr'><strong>sane</strong></span> <span class='ocrx_word' id='word_1_232' title='bbox 188 4331 256 4372; x_wconf 90' lang='lat' dir='ltr'><strong>cum</strong></span> <span class='ocrx_word' id='word_1_233' title='bbox 277 4331 384 4391; x_wconf 86' lang='lat' dir='ltr'><strong>parum</strong></span> <span class='ocrx_word' id='word_1_234' title='bbox 407 4311 482 4371; x_wconf 90' lang='lat' dir='ltr'><strong>mihi</strong></span> <span class='ocrx_word' id='word_1_235' title='bbox 503 4312 539 4372; x_wconf 87' lang='lat' dir='ltr'><strong>de</strong></span> <span class='ocrx_word' id='word_1_236' title='bbox 561 4311 650 4373; x_wconf 90' lang='lat' dir='ltr'><strong>rebus</strong></span> <span class='ocrx_word' id='word_1_237' title='bbox 671 4312 784 4374; x_wconf 87' lang='lat' dir='ltr'><strong>nostris</strong></span> <span class='ocrx_word' id='word_1_238' title='bbox 806 4314 936 4387; x_wconf 88' lang='lat' dir='ltr'><strong>constet,</strong></span> <span class='ocrx_word' id='word_1_239' title='bbox 951 4310 1124 4387; x_wconf 88' lang='lat' dir='ltr'><strong>hujusmodi</strong></span> <span class='ocrx_word' id='word_1_240' title='bbox 1137 4329 1208 4371; x_wconf 89' lang='lat' dir='ltr'><strong>con·</strong></span> 
     </span>
     <span class='ocr_line' id='line_1_31' title="bbox 103 4419 1208 4502; baseline 0.002 -24"><span class='ocrx_word' id='word_1_241' title='bbox 103 4419 178 4497; x_wconf 86' lang='lat' dir='ltr'><strong>eilia,</strong></span> <span class='ocrx_word' id='word_1_242' title='bbox 199 4441 275 4502; x_wconf 89' lang='lat' dir='ltr'><strong>quae</strong></span> <span class='ocrx_word' id='word_1_243' title='bbox 297 4441 333 4482; x_wconf 84' lang='lat' dir='ltr'><strong>ex</strong></span> <span class='ocrx_word' id='word_1_244' title='bbox 348 4423 433 4499; x_wconf 87' lang='lat' dir='ltr'><strong>justo</strong></span> <span class='ocrx_word' id='word_1_245' title='bbox 453 4423 561 4483; x_wconf 89' lang='lat' dir='ltr'><strong>timore</strong></span> <span class='ocrx_word' id='word_1_246' title='bbox 582 4421 745 4482; x_wconf 88' lang='lat' dir='ltr'><strong>secundum</strong></span> <span class='ocrx_word' id='word_1_247' title='bbox 766 4421 946 4498; x_wconf 86' lang='lat' dir='ltr'><strong>qualitatem</strong></span> <span class='ocrx_word' id='word_1_248' title='bbox 967 4421 1116 4482; x_wconf 79' lang='lat' dir='ltr'><strong>factorum</strong></span> <span class='ocrx_word' id='word_1_249' title='bbox 1130 4419 1208 4480; x_wconf 88' lang='lat' dir='ltr'><strong>aeci·</strong></span> 
     </span>
     <span class='ocr_line' id='line_1_32' title="bbox 102 4529 1208 4608; baseline 0.003 -20"><span class='ocrx_word' id='word_1_250' title='bbox 102 4529 163 4607; x_wconf 89' lang='lat' dir='ltr'><strong>pic,</strong></span> <span class='ocrx_word' id='word_1_251' title='bbox 181 4535 317 4594; x_wconf 82' lang='lat' dir='ltr'><strong>vestrum</strong></span> <span class='ocrx_word' id='word_1_252' title='bbox 337 4534 383 4593; x_wconf 88' lang='lat' dir='ltr'><strong>est</strong></span> <span class='ocrx_word' id='word_1_253' title='bbox 403 4532 440 4592; x_wconf 85' lang='lat' dir='ltr'><strong>ad</strong></span> <span class='ocrx_word' id='word_1_254' title='bbox 462 4534 575 4592; x_wconf 90' lang='lat' dir='ltr'><strong>statum</strong></span> <span class='ocrx_word' id='word_1_255' title='bbox 596 4551 715 4604; x_wconf 88' lang='lat' dir='ltr'><strong>rerum,</strong></span> <span class='ocrx_word' id='word_1_256' title='bbox 736 4530 789 4608; x_wconf 90' lang='lat' dir='ltr'><strong>qui</strong></span> <span class='ocrx_word' id='word_1_257' title='bbox 815 4529 895 4606; x_wconf 86' lang='lat' dir='ltr'><strong>apud</strong></span> <span class='ocrx_word' id='word_1_258' title='bbox 916 4548 970 4592; x_wconf 80' lang='lat' dir='ltr'><strong>uos</strong></span> <span class='ocrx_word' id='word_1_259' title='bbox 990 4531 1052 4604; x_wconf 88' lang='lat' dir='ltr'><strong>est,</strong></span> <span class='ocrx_word' id='word_1_260' title='bbox 1072 4547 1208 4591; x_wconf 86' lang='lat' dir='ltr'><strong>accomo-</strong></span> 
     </span>
     <span class='ocr_line' id='line_1_33' title="bbox 103 4637 1207 4720; baseline 0.005 -24"><span class='ocrx_word' id='word_1_261' title='bbox 103 4637 182 4718; x_wconf 83' lang='lat' dir='ltr'><strong>dare,</strong></span> <span class='ocrx_word' id='word_1_262' title='bbox 201 4646 233 4704; x_wconf 90' lang='lat' dir='ltr'><strong>et</strong></span> <span class='ocrx_word' id='word_1_263' title='bbox 257 4641 421 4716; x_wconf 87' lang='lat' dir='ltr'><strong>moderari,</strong></span> <span class='ocrx_word' id='word_1_264' title='bbox 442 4642 520 4705; x_wconf 68' lang='lat' dir='ltr'><strong>aaut</strong></span> <span class='ocrx_word' id='word_1_265' title='bbox 538 4643 702 4719; x_wconf 88' lang='lat' dir='ltr'><strong>prudenter</strong></span> <span class='ocrx_word' id='word_1_266' title='bbox 722 4660 741 4702; x_wconf 88' lang='lat' dir='ltr'><strong>a</strong></span> <span class='ocrx_word' id='word_1_267' title='bbox 761 4639 881 4702; x_wconf 85' lang='lat' dir='ltr'><strong>domino</strong></span> <span class='ocrx_word' id='word_1_268' title='bbox 906 4639 1107 4720; x_wconf 85' lang='lat' dir='ltr'><strong>gubernatore</strong></span> <span class='ocrx_word' id='word_1_269' title='bbox 1127 4637 1207 4702; x_wconf 81' lang='lat' dir='ltr'><strong>ciros</strong></span> 
     </span>
    </p>
   </div>
   <div class='ocr_carea' id='block_1_8' title="bbox 0 0 1524 5348">
    <p class='ocr_par' dir='ltr' id='par_1_9' title="bbox 0 0 1524 5348">
     <span class='ocr_line' id='line_1_34' title="bbox 0 0 1524 5348; baseline 0 0"><span class='ocrx_word' id='word_1_270' title='bbox 0 0 1524 5348; x_wconf 95' lang='lat' dir='ltr'><strong> </strong></span> 
     </span>
    </p>
   </div>
  </div>
 </body>
</html>
