3020 5360
477 561 634 606 inuenero
661 560 792 606 nouus.
1153 549 1192 608 83

29 739 30 742 ’
92 740 255 800 cognoscas,
277 740 316 783 an
336 721 369 782 in
389 723 445 783 hac
466 740 556 783 causa
576 722 700 783 mihist
722 723 784 784 filio
798 743 879 800 meo,
893 727 1022 804 cognato
1035 725 1144 802 ipsine,
1156 727 1194 785 ad

29 873 30 880 ,
92 849 168 908 quem
179 830 312 890 redditus
323 829 376 889 isti
387 849 448 890 une
458 831 620 907 pertinent,
634 847 688 908 pro
703 830 805 891 debito
817 831 975 892 honorario
987 832 1098 894 servire
1110 809 1194 895 v'elit.

29 923 30 928 ἵ
125 939 201 998 Bene
232 939 314 1012 vale,
339 939 387 999 vir
412 939 627 999 amantissime.
674 939 768 1000 Uxori
792 943 824 1000 et
845 940 948 1002 liberis
970 958 1089 1000 omnem
1111 960 1129 1000 a
1150 958 1197 999 mo

92 1048 225 1122 salutem,
254 1050 408 1126 utrunque
439 1047 531 1106 etiam
551 1050 582 1107 et
603 1047 722 1106 affinem
745 1066 844 1107 meum
865 1047 1017 1108 Dooonem
1039 1051 1071 1109 et
1095 1049 1197 1109 Fcico·

92 1175 149 1214 nem
170 1155 242 1216 meis
261 1155 363 1217 verbis
384 1155 479 1215 amice
501 1155 610 1216 saluta.

126 1263 274 1346 Coloniae,
302 1262 507 1342 tsseptembr.
530 1263 617 1325 1581.

854 1373 937 1433 Tuus
961 1373 1117 1434 exanimo

940 1481 978 1543 A.
999 1481 1037 1544 A.

537 1659 741 1681 ψ

93 1879 134 1940 48.
297 1898 454 1942 anunnnro
474 1899 596 1944 smnus
617 1884 679 1957 (wie
699 1903 743 1944 ao.
766 1883 827 1960 39).
868 1853 988 1944 Erinden.

819 2060 914 2136 Korn,
937 2062 955 2121 a
976 2060 1047 2121 neo.
1070 2059 1158 2122 1581.

109 2223 255 2296 'Salutem
270 2237 310 2314 1).
351 2237 505 2300 Prioribus
521 2238 618 2300 literis
634 2238 709 2299 meis
727 2238 894 2317 significavi
908 2238 1025 2312 omnia,
1039 2256 1116 2318 quae
1131 2256 1198 2299 mea

94 2341 268 2406 interessent.
309 2346 397 2408 Nunc
417 2366 479 2409 non
499 2348 594 2409 habeo
615 2348 696 2426 quod
718 2347 825 2406 addam
846 2347 903 2422 iis,
924 2346 982 2407 nisi
1003 2347 1059 2406 hoo
1081 2346 1197 2421 solum,

94 2471 188 2532 rogare
208 2475 255 2514 mo
276 2475 482 2533 summopere,
517 2460 553 2517 ut
577 2457 688 2516 iterum
716 2455 852 2516 debitum
874 2475 973 2516 meum
993 2456 1128 2534 urgeatis
1151 2456 1198 2518 sel

94 2564 238 2624 consilium
260 2564 419 2641 aperietis,
440 2566 589 2642 quomodo
609 2584 657 2625 me
678 2565 711 2624 in
731 2566 787 2625 hoe
809 2566 930 2645 negotio
944 2585 1047 2645 gerere
1061 2564 1195 2625 debeam.

95 2665 212 2732 Omnino
246 2673 325 2732 enim
355 2674 420 2749 ejus
443 2674 537 2733 enimi
558 2693 642 2749 sum,
662 2673 712 2750 jus
733 2693 833 2733 meum
853 2692 914 2734 non
937 2673 1122 2752 relinquere,
1143 2692 1198 2734 neo

95 2765 203 2850 posenni
233 2785 357 2858 propter
387 2782 581 2842 necessitates
610 2785 677 2843 tum
708 2800 806 2856 meas,
838 2785 905 2842 tum
935 2781 991 2840 filii
1011 2781 1086 2854 mei,
1109 2801 1198 2858 quem

94 2883 214 2948 fraudari
234 2889 290 2950 hoo
312 2890 523 2966 patrimoniolo
537 2890 687 2969 injustum
702 2909 816 2951 censeo.
858 2889 955 2972 Apide
970 2889 1061 2950 etiam
1076 2893 1198 2968 expecto

95 2999 261 3058 summulam
294 2999 399 3075 istam,
430 3019 506 3078 quae
522 3020 610 3077 pree
638 3020 731 3061 manu
752 3003 806 3060 cst.
849 2999 954 3060 Saluta
975 3017 1084 3075 quaeso
1107 2999 1199 3058 semel

94 3120 214 3166 sororem
224 3125 321 3167 meam
331 3109 448 3168 Dodam
459 3112 491 3170 et
502 3109 540 3168 ab
554 3129 589 3170 aa
603 3109 734 3190 inquire,
749 3108 897 3189 quomodo
911 3108 1034 3170 valeant
1046 3105 1102 3166 filii
1115 3108 1199 3183 ejusr

94 3230 155 3273 nam
173 3215 224 3275 diu
237 3216 341 3277 literas
362 3218 400 3277 ab
420 3218 457 3278 iis
468 3237 529 3279 non
541 3219 650 3296 accepi.
662 3218 761 3279 Audio
772 3236 895 3278 uxorem
906 3215 1198 3278 meamLeova1·diae

96 3323 165 3396 apud
186 3324 425 3385 concionatorem
447 3325 594 3386 habitare.
635 3325 708 3397 Quis
728 3326 779 3385 ille
800 3325 855 3398 sit,
877 3324 903 3384 si
924 3324 1016 3391 scias.
1031 3322 1199 3402 significare

95 3429 158 3490 mihi
177 3453 237 3494 non
250 3434 394 3512 manens.
435 3437 513 3495 Mira
525 3436 692 3514 hypocrisis
713 3453 829 3512 semper
848 3434 908 3495 luit
923 3421 956 3494 i'n
973 3434 1035 3494 ista
1054 3433 1199 3507 foemina;

96 3540 201 3603 utinam
221 3563 283 3605 non
303 3519 407 3604 eadem
429 3545 525 3606 adhuc
539 3547 620 3623 apud
640 3564 706 3606 eam
718 3548 849 3605 maneat.
870 3542 1095 3604 Matrimonium
1107 3541 1197 3627 Alen-

94 3651 161 3710 zonii
179 3670 248 3712 cum
269 3652 374 3731 regina
395 3653 522 3732 Angliae
532 3653 676 3730 compleri
694 3653 759 3712 heri
779 3653 838 3712 huc
858 3652 1059 3729 perscriptum
1072 3654 1133 3724 cst,
1148 3651 1199 3711 sed

93 3756 199 3821 fabulae
220 3761 294 3821 mihi
318 3762 415 3822 adhuc
436 3763 501 3823 loco
528 3765 584 3822 est.
636 3762 805 3822 Tornacum
837 3761 1000 3820 fortissime
1032 3778 1064 3818 se
1097 3757 1199 3818 habet.

94 3865 208 3945 Aliquot
227 3873 291 3949 jam
312 3873 550 3950 oppugnationes
573 3872 798 3946 sustinuerunt,
820 3871 924 3932 occisis
947 3867 1051 3929 multis
1065 3866 1198 3927 hostium

93 3974 206 4041 ducibus
228 3985 259 4056 et
279 3983 447 4061 praecipuis
470 4002 506 4042 ex
525 3983 694 4043 nobilitate.

127 4086 201 4149 Bene
221 4091 288 4151 vale
308 4090 356 4150 vir
376 4089 598 4164 amantissime,
619 4089 706 4151 uxori
728 4107 846 4150 ornnem
868 4105 886 4148 u
909 4105 956 4146 me
978 4086 1116 4146 salutem.

126 4195 243 4275 Raptim
265 4197 423 4274 Coloniae,
446 4201 463 4258 2
486 4199 641 4260 Decembr.
665 4198 752 4259 1581.

128 4304 286 4366 Dominum
314 4307 470 4369 Feiconem
491 4328 559 4369 cum
583 4309 657 4370 meis
757 4339 760 4343 ·
858 4307 940 4365 Tuus
962 4303 1118 4365 exanimo

95 4415 183 4474 verbis
203 4421 340 4476 amanter
364 4418 480 4492 saluta,
511 4438 572 4480 une
592 4437 660 4479 cnm
941 4414 981 4476 A.
1001 4414 1038 4474 Δ.

94 4522 170 4585 affine
192 4543 258 4585 meo
280 4526 426 4588 Tcetlum.

92 4633 284 4650 Q———an

123 4683 143 4746 l)
177 4687 240 4736 (lanz
257 4687 423 4753 eigcnhitndig.
