3028 5348
250 456 292 520 14
662 469 797 514 rasurus
824 469 953 513 suasor.

257 633 406 709 scudetis,
427 633 452 694 si
473 609 643 710 Hispanum
666 634 698 693 in
719 631 824 693 urbem
845 632 977 692 vestram
1003 632 1133 709 recipere
1153 633 1379 706 recusaveritis,

261 746 293 803 et
316 742 383 820 quis
405 745 470 802 tam
490 743 631 803 inimicus
652 743 770 819 patriae
792 743 843 819 qni
865 740 950 801 vobis
974 741 1038 812 hoe
1056 741 1205 802 suaserit?
1240 742 1380 813 Quinimo

263 871 340 930 quae
372 852 454 912 salus
483 851 568 912 vobis
600 871 662 912 esse
693 854 806 929 poterit
839 849 920 928 agris
943 852 972 910 et
993 849 1099 910 vicinis
1120 850 1229 911 vestris
1250 852 1383 928 undique

264 960 391 1036 perditis
426 963 458 1021 et
489 961 674 1021 destruetis?
724 959 781 1020 Sed
808 961 881 1020 haec
902 978 956 1038 ego
978 959 1075 1020 obiter
1096 960 1134 1018 ad
1154 961 1185 1019 te
1210 979 1246 1023 ex
1267 979 1366 1021 amore

267 1087 327 1146 quo
349 1068 505 1130 civitatem
525 1071 658 1129 vestram
683 1086 861 1146 prosequor,
888 1068 940 1144 qui
964 1068 1119 1129 vobiscum
1139 1068 1198 1129 viri
1220 1069 1291 1128 boni
1312 1073 1385 1130 sunt

268 1176 357 1253 plura
374 1177 437 1237 sine
462 1175 553 1236 dnbio
575 1176 776 1254 providebunt
796 1178 828 1236 et
847 1176 1037 1252 perspicient.
1079 1176 1218 1236 Infinitae
1232 1179 1384 1240 machina-

272 1287 370 1347 tiones
400 1285 433 1345 in
464 1288 565 1363 partes
595 1288 714 1367 nostras
745 1287 918 1358 struuntur,
950 1303 1025 1362 qnae
1052 1287 1088 1345 ut
1108 1286 1145 1344 ad
1167 1287 1306 1347 effectum
1324 1307 1386 1350 non

271 1381 450 1472 perveniant
471 1395 552 1455 solus
575 1393 656 1454 Dens
679 1412 733 1472 pro
754 1413 810 1454 sna
831 1394 1035 1454 misericordia
1055 1398 1191 1455 avertere
1210 1397 1331 1474 poterit.

311 1502 392 1564 Bene
414 1503 480 1564 vale
502 1503 550 1563 vir
574 1503 787 1566 amantissime.
828 1503 873 1564 De
895 1504 1013 1564 domino
1031 1502 1139 1565 Christ.
1152 1505 1182 1583 1)
1198 1507 1271 1583 qnid
1284 1506 1381 1567 facere

271 1611 411 1684 debeam,
434 1611 592 1672 consilium
612 1614 700 1673 tunm
719 1614 794 1673 mihi
814 1614 1028 1674 communicari
1049 1614 1153 1690 velim,
1175 1634 1244 1674 nam
1266 1619 1386 1692 tempus

273 1719 428 1782 solutionis
449 1719 539 1780 nnius
560 1721 632 1780 anni
652 1721 685 1780 in
708 1721 785 1782 diem
806 1721 911 1782 Jacobi
933 1723 960 1782 ei
980 1723 1172 1800 praescripsi,
1196 1724 1221 1783 si
1246 1726 1386 1786 volunta-

272 1830 334 1889 tem
354 1829 419 1906 ejus
439 1847 492 1905 per
512 1828 618 1888 literas
639 1830 784 1908 expiscari
805 1830 894 1904 velis,
909 1831 999 1891 facies
1012 1832 1086 1890 mihi
1099 1853 1161 1892 rem
1175 1833 1388 1910 gratissimam.

272 1937 388 1998 Iterum
419 1938 486 1998 vale
508 1953 539 1998 et
559 1938 680 1999 domino
712 1937 844 2000 Alberda
874 1961 941 2000 cum
963 1941 1084 2018 reliquis
1105 1941 1208 2002 amicis
1230 1961 1388 2002 omneme

272 2066 319 2106 me
339 2047 477 2108 salutem.
520 2045 661 2109 Coloniae
681 2049 802 2126 raptim.
834 2049 983 2123 autulii,
1006 2069 1083 2110 anno
1107 2052 1194 2112 1579.

537 2161 539 2166 ’
789 2158 872 2219 Tuus
896 2179 931 2219 cx
951 2160 1051 2219 animo

1108 2291 1196 2348 quem
1220 2273 1300 2334 nosti

1149 2379 1186 2441 Α.
1208 2380 1245 2440 Α.

607 3033 615 3052 .
628 3035 635 3050 .
648 3035 655 3051 .
668 3008 839 3052 adussero
859 3009 993 3055 acuens.
1007 3039 1013 3054 .
1027 3040 1034 3054 .
1047 3041 1053 3054 .

733 3104 795 3178 (wic
814 3125 859 3164 no.
881 3105 922 3181 2).

901 3297 902 3300 Ὺ
996 3341 1095 3418 Korn,
1116 3344 1136 3404 4
1156 3344 1234 3409 nov.
1258 3349 1345 3411 1579.
1370 3345 1388 3358 ‘

313 3541 457 3603 Salutem.
509 3542 583 3604 (lum
605 3547 690 3607 varia
710 3547 771 3620 hic,
794 3548 841 3609 vir
862 3546 1073 3623 ornatissime,
1094 3551 1130 3611 de
1152 3552 1334 3616 factionibus
1356 3561 1388 3618 et

273 3651 405 3714 dissidiis
428 3653 537 3715 vestris
560 3655 745 3733 referantur,
758 3655 889 3735 'quidam
914 3657 1006 3718 otiam
1031 3658 1218 3736 existiment,
1240 3683 1294 3724 vos
1315 3667 1388 3725 arli-

273 3762 356 3822 culos
377 3760 425 3822 hic
445 3764 616 3842 propositos
638 3767 702 3826 sine
722 3767 785 3850 ulla
805 3767 994 3829 restrictione
1016 3770 1065 3829 vel
1078 3772 1271 3848 ampliatione
1285 3793 1386 3852 recep·

275 3877 376 3947 turos,
408 3873 500 3933 tertio
521 3893 600 3937 nova
620 3875 773 3936 molimine
794 3875 936 3937 adversus
957 3894 1009 3938 vos
1032 3881 1064 3938 et
1083 3881 1214 3955 patriam
1234 3886 1386 3960 nostram,

260 3972 322 4045 ¹uel
343 3981 465 4073 saltem,
486 3986 523 4044 ut
544 3983 664 4060 quidam
681 3984 844 4060 jactitant,
866 3985 952 4048 vobis
973 3989 1218 4066 permittentibus
1238 3995 1269 4054 et
1283 3995 1386 4053 conni-

273 4090 411 4154 ventibus
433 4091 575 4153 adversus
596 4111 702 4170 agrum
724 4096 858 4153 vestrum
879 4114 950 4170 prae
971 4096 1086 4157 loribus
1101 4099 1179 4173 sint,
1193 4120 1247 4177 pro
1268 4120 1384 4177 amore,

271 4219 330 4278 quo
350 4218 413 4260 non
434 4200 530 4260 solum
550 4202 669 4260 nostros
688 4201 739 4260 sed
762 4205 792 4262 et
813 4222 867 4264 vos
883 4208 914 4265 et
928 4206 1171 4284 circumjacentes
1186 4212 1301 4271 vestros
1314 4232 1386 4288 pr01

271 4327 393 4386 sequor,
422 4307 602 4384 praesertim
624 4325 691 4367 cnm
724 4314 833 4372 neutra
864 4315 1019 4391 provincia
1050 4317 1146 4376 altera
1172 4317 1234 4379 sine
1260 4321 1385 4382 alterius

270 4419 367 4480 salute
398 4416 557 4477 incolumis
578 4420 612 4478 ot
632 4417 737 4481 illaesa
760 4441 881 4484 manere
905 4428 1010 4503 queat:
1039 4427 1177 4488 omittere
1198 4448 1257 4490 non
1281 4431 1384 4509 potui,

268 4533 473 4548 ...ι-

302 4580 330 4644 l)
366 4581 540 4648 Christophoro
557 4584 587 4635 sb
603 4585 716 4638 Eussnm.
