3020 5360
276 477 335 540 144
694 497 828 540 11111111
849 497 978 542 masur.

281 656 358 716 soris
388 657 482 717 vestri
513 657 589 717 liber
620 660 681 733 est,
716 658 771 718 ,de
794 659 1008 732 constantia,”
1027 660 1079 719 sed
1100 662 1137 719 ut
1156 661 1320 721 1111111111
1341 662 1395 720 1111-

282 785 372 846 quem
391 765 502 825 librum
522 766 694 842 imprimet,
715 766 758 825 ibi
772 767 854 827 mille
869 767 1018 844 praetexit
1032 767 1236 828 excusationes
1252 769 1292 846 1).
1317 769 1396 830 »Das

283 875 385 935 Hauss
406 875 460 935 der
478 874 586 935 biebe”
608 894 710 936 coram
731 874 795 936 Deo
820 874 987 952 pessundat
1008 879 1040 936 et
1065 877 1186 953 privata
1207 879 1239 937 et
1259 877 1396 953 publica,

283 983 401 1045 etiamsi
422 983 607 1043 contrarium
627 983 672 1041 illi
692 1003 764 1059 prae
789 1002 821 1043 se
842 984 950 1044 ierant.
991 985 1035 1043 Ex
1055 985 1152 1046 altera
1171 989 1258 1062 parto
1271 1005 1398 1066 cognos-

244 1154 247 1160 ,
284 1093 380 1152 cimus
411 1091 637 1167 antichristum,
669 1092 720 1152 sed
751 1092 784 1152 in
815 1095 920 1153 nostra
953 1094 1087 1154 nondum
1107 1095 1153 1154 ita
1172 1099 1263 1155 notus
1286 1100 1346 1170 est,
1368 1100 1398 1156 et

285 1204 331 1261 est
362 1205 472 1261 tumen.
525 1200 604 1270 Quid
623 1200 718 1278 igitur
737 1200 808 1260 boni
831 1201 944 1277 sperari
965 1205 1092 1279 potest?
1132 1203 1244 1263 Incidit
1263 1204 1296 1265 in
1316 1225 1399 1266 men·

285 1314 348 1371 tom
368 1328 465 1370 meam
487 1310 619 1386 saepius,
641 1328 681 1368 an
701 1328 763 1370 non
785 1313 969 1386 praestaret,
993 1310 1120 1372 Ordines
1139 1312 1220 1372 inter
1231 1313 1306 1373 haec
1319 1316 1398 1374 mala

285 1439 376 1496 super
395 1437 468 1497 pace
489 1418 620 1479 ineunda
640 1418 780 1497 cogitare.
822 1418 950 1478 Vestrae
971 1437 1042 1481 sane
1064 1419 1235 1496 provinciae
1253 1440 1398 1500 magnum

285 1549 360 1591 onus
380 1527 542 1601 incumbit,
564 1547 636 1586 nam
658 1527 696 1587 ab
716 1545 752 1587 ea
773 1527 887 1588 vicinos
908 1545 1010 1588 omnes
1031 1529 1215 1604 dependent,
1248 1540 1276 1590 et
1297 1534 1399 1590 tamen

284 1639 409 1716 perditis
438 1638 524 1698 uobis
552 1656 606 1698 vos
627 1637 703 1698 salvi
725 1657 867 1698 essenon
888 1638 1031 1715 potestis,
1052 1639 1106 1717 qui
1127 1638 1210 1698 intus
1232 1659 1327 1719 aeque
1341 1641 1399 1700 dis·

284 1747 392 1811 1111111
414 1750 445 1807 11
464 1745 661 1818 factionibus,
682 1765 774 1825 quam
795 1765 850 1806 nos
871 1746 1055 1808 laboramus.
1095 1746 1133 1806 In
1154 1766 1311 1809 commune
1330 1768 1400 1812 vero

284 1857 439 1937 aequiores
471 1855 656 1916 conditiones
687 1855 843 1916 obtenturi
870 1874 1010 1915 essemus.
1051 1854 1129 1926 Quid
1148 1857 1273 1918 multis?
1316 1856 1400 1928 Quod

284 1967 323 2028 ad
344 1984 391 2026 me
411 1965 538 2040 attinet,
559 1963 592 2023 in
613 1963 676 2024 dics
694 1964 793 2042 magis
817 1965 977 2024 abhorrere
995 1963 1106 2042 incipio
1135 1964 1174 2024 ab
1196 1985 1230 2026 eo
1250 1966 1348 2041 bello,
1370 1968 1401 2026 in

284 2094 344 2155 quo
374 2092 429 2136 nos
449 2074 571 2151 perdere
593 2093 710 2150 semper
727 2075 797 2150 plus
819 2092 910 2154 quam
932 2074 1051 2135 vincere
1071 2094 1190 2136 necesse
1212 2078 1268 2138 est.
1310 2076 1401 2136 Prae·

282 2185 362 2248 vidit
381 2184 494 2264 aliquid
515 2183 587 2242 boni
607 2183 644 2241 de
664 2183 751 2243 nobis
773 2183 934 2257 Dominus,
956 2184 1009 2244 sed
1032 2182 1164 2260 Spiritus
1187 2183 1247 2244 oris
1270 2185 1399 2259 Domini,

283 2311 345 2355 non
366 2311 452 2355 arma
471 2291 631 2353 conficient
652 2291 875 2352 antichristum.
926 2291 984 2351 Hic
1006 2291 1061 2355 sub
1082 2311 1169 2353 cruce
1191 2296 1222 2353 11
1243 2312 1317 2369 pace
1338 2294 1401 2372 pio·

282 2423 351 2463 rum
372 2420 446 2478 opus
468 2420 555 2462 suum
573 2400 702 2478 peragit.
745 2399 821 2460 Cum
840 2400 875 2460 in
894 2400 995 2480 gretia
1014 2400 1124 2462 viduae
1144 2399 1267 2479 Siegeus
1287 2401 1399 2462 iterum

282 2511 358 2572 mibi
389 2508 578 2570 scribendum
610 2513 704 2581 esset,
726 2509 799 2569 haec
828 2509 911 2585 prius
932 2509 1006 2569 mihi
1026 2510 1059 2570 iu
1078 2513 1210 2570 mentem
1229 2511 1398 2586 uenerunt,
1496 2499 1497 2502 ¹

202 2593 205 2600 Δ
281 2639 357 2700 quae
377 2619 538 2680 iubenum
559 2637 645 2678 ame
666 2621 784 2696 partem
804 2618 933 2695 occipias
953 2636 1036 2694 rogo.
1068 2617 1221 2680 Sollicitus
1235 2618 1316 2679 onim
1331 2638 1398 2680 sum

282 2730 318 2789 de
348 2728 499 2790 communi
528 2731 632 2788 nostra
652 2727 766 2800 salute,
797 2727 906 2788 sedin
925 2728 1032 2788 mediis
1058 2727 1204 2806 eligendis
1225 2727 1344 2789 utinam
1366 2748 1400 2789 ex
1495 2805 1496 2816 ἵ

281 2838 344 2898 Deo
365 2837 480 2917 aliquid
501 2836 575 2897 csrti
596 2835 774 2896 haberemus
795 2839 852 2897 111.

322 2946 481 3053 Coloniae,
503 2943 642 3007 Calendis
661 2945 845 3024 Septembris
866 2945 915 3007 84.
937 2945 983 3007 St.
1004 2944 1042 3005 V.

745 3251 936 3267 m-

287 3522 335 3582 85.
500 3519 636 3576 Ministris
656 3520 832 3578 ecclesarium
852 3537 923 3596 quac
942 3529 1008 3578 suut
1029 3521 1058 3578 in
1078 3521 1184 3578 [111111.

1068 3697 1107 3757 31
1129 3697 1208 3776 Aug.
1231 3697 1322 3759 1584.

324 3905 467 3966 Salutem.
507 3902 580 3974 Quis
600 3921 702 3963 rerum
722 3905 893 3963 nostrerum
916 3907 1016 3965 status
1036 3908 1068 3964 et
1086 3922 1240 3965 successus
1261 3902 1319 3979 sit,
1332 3923 1398 3964 cum

279 4017 365 4094 justo
396 4013 497 4073 dolore
524 4012 629 4074 vident
660 4031 761 4072 omnes
783 4015 814 4072 et
835 4014 1038 4089 experiuntur.
1079 4013 1138 4074 Sed
1157 4032 1218 4074 non
1239 4031 1341 4072 omnes
1362 4012 1398 4070 ad

283 4142 388 4186 causas
418 4121 596 4194 attendunt,
630 4121 740 4199 quibus
773 4121 807 4182 in
827 4123 882 4182 has
903 4124 1058 4200 angustias
1080 4123 1190 4201 ubique
1214 4122 1331 4183 redacti
1350 4140 1398 4182 su·

282 4252 359 4294 mus.
402 4230 534 4291 Cunctas
556 4230 604 4290 hic
627 4248 859 4292 commemorare
881 4235 912 4292 ct
933 4234 1092 4310 praecipue
1113 4233 1252 4310 politices
1272 4233 1397 4292 nonest
1490 4219 1491 4230 ¹

281 4344 371 4420 hujus
391 4341 464 4416 loci,
496 4343 600 4420 estque
621 4341 677 4400 hoe
697 4359 716 4400 a
736 4341 867 4419 mejam
888 4344 977 4415 ants,
1005 4360 1073 4402 cum
1094 4362 1142 4403 res
1162 4344 1262 4402 essent
1284 4339 1396 4401 meliori
1483 4375 1486 4388 ·

313 4509 339 4572 1)
373 4505 532 4570 Anmsrkung
556 4503 669 4555 Albede's
691 4520 730 4555 an
759 4504 855 4556 Raude:
886 4505 972 4566 ,Tales
1001 4509 1060 4556 sunt
1081 4505 1205 4573 plaeriquc
1226 4505 1269 4572 qni
1289 4505 1315 4555 in
1334 4502 1392 4555 Hol-

278 4603 360 4657 landie
379 4595 631 4667 1111111111111111]Ῐ
