3028 5348
295 511 336 571 26
708 527 843 571 rourum
863 495 993 572 suasus.

304 688 367 762 est,
400 687 547 763 quaedam
579 686 721 764 oppidula
750 687 783 748 in
813 687 923 747 finibus
954 687 1134 749 Harmoniae
1153 690 1186 749 et
1205 687 1366 749 Arthesiae
1390 688 1423 748 in

305 797 489 872 potestatem
522 794 604 856 Galli
636 794 806 872 peruenisse
826 799 858 856 et
878 798 1036 872 propterea
1058 795 1172 857 incolas
1195 815 1298 857 earum
1317 800 1425 874 postu·

305 904 384 979 lere,
415 909 451 966 ut
478 905 654 983 praecipuae
682 904 760 984 regis
780 904 883 981 copiae
908 923 943 966 eo
963 907 1189 967 convertantur.
1234 904 1339 967 Comes
1362 906 1425 984 Eg·

307 1013 477 1074 mundanus
504 1013 663 1076 descivisse
681 1013 719 1073 ab
739 1013 777 1073 iis
801 1011 922 1074 dicitur.
962 1013 1020 1074 His
1039 1013 1129 1074 sectis
1149 1013 1273 1091 qnidam
1296 1033 1350 1094 pro
1367 1013 1425 1075 im·

306 1120 478 1197 pedimento
503 1120 694 1194 adscribunt,
715 1120 796 1198 quod
816 1121 915 1182 nostri
935 1121 1154 1198 expeditionem
1173 1140 1259 1182 auam
1277 1141 1339 1184 non
1359 1124 1425 1182 tam

308 1229 369 1291 cito
394 1231 486 1304 atque
506 1245 572 1288 eam
595 1227 781 1300 desiderant,
803 1227 943 1304 perficere
967 1230 1089 1304 queant.
1129 1227 1256 1289 Utinam
1278 1232 1426 1306 perpetuo

311 1338 356 1400 vel
380 1357 434 1417 per
456 1337 517 1397 ista
537 1337 586 1398 uel
607 1337 731 1413 quaevis
747 1336 808 1396 alie
831 1336 1079 1414 impedimentum
1099 1337 1160 1398 illis
1173 1337 1350 1414 objiciatur,
1364 1355 1426 1415 quo

309 1465 327 1506 a
347 1446 447 1523 petria
466 1449 588 1520 nostra,
610 1465 686 1523 quae
707 1446 842 1522 alioquin
854 1446 1121 1523 satisafflictaest,
1134 1447 1426 1526 calamitates,quas

309 1553 479 1631 impiissimi
499 1557 532 1615 et
550 1554 749 1633 ingratissimi
772 1555 889 1616 alumni
909 1557 973 1632 ejus
992 1555 1126 1633 infligere
1148 1556 1175 1616 ei
1195 1560 1318 1634 parant,
1340 1574 1426 1618 aver·-

310 1666 426 1723 tantur.
475 1663 559 1724 Haec
589 1683 624 1724 eo
653 1665 758 1741 modo,
789 1683 849 1742 quo
880 1666 981 1742 accepi
1011 1666 1087 1740 ista,
1109 1666 1285 1744 prudentiae
1305 1670 1338 1728 et
1357 1666 1427 1727 fidei

310 1776 428 1834 vestrae
449 1775 616 1835 committo.
659 1773 692 1835 Si
711 1774 777 1834 fieri
802 1778 908 1852 queat,
930 1779 967 1836 ut
990 1778 1022 1835 et
1041 1793 1097 1835 nos
1119 1775 1167 1836 hic
1188 1779 1303 1837 statum
1315 1795 1427 1848 rerum,

310 1883 362 1959 qui
381 1883 461 1959 apud
482 1902 536 1944 uos
556 1886 602 1944 est
622 1885 731 1945 vestris
750 1884 847 1945 literis
868 1887 937 1945 tuto
959 1902 1137 1962 cognoscere
1157 1902 1327 1961 possemus,
1344 1884 1427 1962 quie·

311 1993 388 2053 tiore
411 1995 512 2056 animo
536 1998 567 2056 et
588 1996 770 2056 conscientie
793 1997 898 2057 nostra
920 1995 1046 2056 consilia
1067 2014 1135 2055 cum
1156 1995 1266 2056 vestris
1284 1995 1428 2070 utrinque

311 2103 536 2180 conferrentur,
559 2107 590 2165 et
610 2104 728 2166 facilius
745 2104 825 2181 quod
845 2105 991 2182 optimum
1007 2113 1082 2164 esset
1103 2103 1220 2166 euobis
1234 2103 1305 2182 eligi
1317 2104 1428 2180 posset.

312 2212 487 2274 Adversarii
517 2215 616 2274 nostri
646 2215 679 2274 in
709 2216 765 2274 hac
795 2235 826 2275 rc
857 2214 1062 2293 diligentiores
1093 2217 1177 2286 sunt,
1206 2213 1259 2289 qui
1278 2211 1428 2272 isthimoa
1496 2227 1497 2242 *

313 2323 398 2384 vobis
419 2323 567 2386 continue¹
580 2342 650 2386 suos
673 2343 807 2385 cursores
830 2325 888 2384 huc
913 2325 1059 2385 emittunt
1079 2326 1110 2384 ct
1130 2323 1210 2383 hunc
1233 2341 1338 2382 rursus
1353 2319 1429 2383 varii

318 2434 350 2491 et
380 2433 492 2494 diverm
523 2433 639 2493 advos
665 2433 810 2492 emissarii
830 2433 1038 2493 extruduntur.
1078 2432 1152 2492 Heri
1173 2431 1231 2491 huc
1252 2431 1312 2490 duo
1333 2431 1453 2501 cives,¹

316 2559 394 2602 nnus
424 2540 664 2613 Leovsrdiensis,
698 2541 775 2601 alter
804 2540 1017 2620 Groningcnsis
1035 2541 1174 2614 fuerunt,
1195 2543 1247 2601 sed
1267 2539 1339 2617 quia
1359 2537 1429 2598 lati·

314 2650 436 2723 terunt,
456 2649 579 2709 nomina
600 2669 702 2710 eorum
730 2650 875 2726 expiscari
897 2669 958 2712 nou
978 2649 1141 2727 potuimus.
1182 2636 1359 2726 Exprobrant
1380 2646 1426 2706 hic
1495 2721 1496 2728 ἵ

313 2756 400 2818 vobis
423 2759 462 2817 ad
482 2758 683 2820 defensionem
706 2761 823 2836 patriae
840 2761 970 2820 delectas
992 2778 1110 2837 quoque
1130 2776 1150 2819 a
1173 2757 1258 2819 vobis
1282 2757 1426 2818 maximas
1495 2759 1496 2764 ’

311 2888 376 2929 asse
397 2869 497 2946 copias
517 2869 568 2930 sed
587 2870 696 2948 jurgiis
723 2871 823 2947 potius
845 2874 936 2949 atque
952 2869 1234 2946 exprobationibus,
1265 2886 1358 2945 quam
1379 2885 1424 2925 ar-

310 2980 368 3039 mis
398 2980 522 3056 curtari,
549 2981 581 3039 id
603 2980 683 3056 quod
705 2999 790 3056 spero
815 2998 919 3042 versum
939 2999 1001 3041 non
1018 2999 1090 3040 esso.
1132 2979 1169 3038 In
1190 2978 1247 3038 tali
1270 2977 1358 3037 enim-
1375 2994 1425 3036 ue-

258 3109 260 3116 ·
311 3089 451 3150 cessitate
473 3090 570 3150 omnis
592 3089 753 3162 dissensio,
776 3089 800 3149 si
822 3107 897 3166 quae
925 3087 1016 3148 etiam
1032 3086 1424 3156 anteafuitcessaredebet,

311 3218 349 3259 ne
370 3199 402 3260 in
424 3202 599 3277 pe1petuam
622 3199 799 3260 servitutem
822 3219 875 3275 per
895 3198 1061 3276 Hispanos,
1093 3198 1126 3257 in
1147 3197 1255 3274 quibus
1275 3197 1347 3258 solis
1366 3195 1424 3257 vic·

310 3308 420 3370 toriam
452 3327 538 3370 suam
571 3309 738 3382 collocent,
759 3308 925 3370 veniemus.
966 3307 1061 3367 Miror
1082 3306 1174 3368 etiam
1194 3325 1248 3368 vos
1268 3307 1314 3367 ita
1331 3306 1424 3367 abuu-

309 3417 381 3477 dare
413 3417 548 3493 pecuniis
578 3418 635 3478 hoc
666 3421 817 3494 tempore,
848 3420 884 3478 ut
904 3435 955 3478 sex
974 3416 1071 3477 millia
1091 3433 1251 3477 aureorum
1272 3435 1307 3475 ex
1325 3414 1424 3493 patria

309 3528 416 3586 nostra
450 3526 559 3586 deferri
590 3527 758 3604 patiemini.
819 3527 967 3605 Properat
997 3525 1141 3600 nuncius,
1173 3524 1342 3588 Daventria
1371 3523 1423 3581 has

307 3635 404 3696 literis
429 3635 596 3713 accipietis,
618 3655 693 3714 quas
719 3637 810 3696 etiam
835 3653 908 3716 rogo
938 3635 1058 3696 domino
1085 3634 1247 3696 Remberto
1275 3633 1422 3702 Aclrema,

309 3743 443 3804 senatori
474 3742 689 3824 (ironingeusi,
717 3744 918 3805 incontinenti
940 3743 1168 3805 communicate.
1209 3743 1290 3805 Bene
1311 3742 1423 3812 valete,
1493 3733 1494 3750 ³

310 3852 418 3930 optimi
438 3856 470 3914 et
492 3854 693 3914 amantissimi
716 3853 830 3914 domini
850 3857 882 3914 et
905 3853 1003 3914 amici.

351 3959 508 4037 Coloniae,
532 3962 570 4023 19
590 3960 729 4023 Decemb.
751 3979 798 4022 au.
822 3962 869 4022 79.

339 4049 349 4058 ’
548 4070 735 4149 Subscriptio
760 4076 826 4134 erat
849 4075 885 4133 ut
905 4074 1042 4151 sequitur

854 4182 954 4243 vester
974 4200 1010 4240 ex
1031 4180 1131 4242 animo

935 4289 1124 4352 AGGAEUS
1145 4308 1186 4352 ns
1207 4291 1383 4353 ALBADA.
1478 4294 1482 4307 ‘
