3028 5348
310 464 350 526 80
720 479 854 526 saumas
881 479 1009 525 suanos.

311 643 368 704 hoo
388 641 545 704 oondlium
566 662 666 704 meam
686 643 801 706 motum
814 640 924 715 rideo,
946 661 1037 720 quam
1061 659 1125 702 rem
1146 640 1239 703 latias
1260 661 1377 720 quoqne
1404 644 1440 704 in

312 750 418 827 primis
437 751 512 812 meis
532 751 629 813 literis
653 751 813 813 declaravi.
855 750 904 810 Ad
924 751 1042 828 reliqua
1061 751 1094 809 in
1116 749 1212 812 literis
1233 751 1271 810 ad
1284 751 1438 814 illustrem

315 859 469 919 dominum
498 859 594 936 ipsius
625 860 724 936 datis,
754 861 828 921 item
858 858 891 918 in
921 859 959 919 iis
980 877 1054 936 quas
1074 858 1112 918 ad
1133 858 1288 920 dominum
1309 862 1440 924 Uffkena

314 967 434 1044 scripsi,
455 970 610 1046 respondi3
633 989 761 1047 quarum
780 973 867 1031 tenor
886 969 949 1029 sine
970 967 1062 1028 dubio
1085 986 1203 1045 qnoque
1226 971 1343 1031 senatui
1367 991 1438 1032 ves-

312 1079 361 1139 tro
382 1077 667 1152 communicabitur,
689 1079 774 1155 ouirrs
795 1078 851 1138 hoe
872 1080 1007 1153 tempore
1030 1076 1062 1136 in
1084 1077 1324 1139 administranda
1343 1099 1437 1158 repn-

312 1183 393 1247 blioa
422 1204 477 1247 sua
507 1186 698 1264 prudentiam
731 1190 761 1247 et
788 1186 1022 1247 moderationem
1049 1186 1264 1263 amplecteret
1284 1207 1435 1250 revereor.

314 1294 396 1365 Quae
429 1295 524 1369 dona,
556 1298 592 1356 ut
623 1293 771 1356 Dominus
795 1297 905 1372 augeat
929 1293 962 1353 in
985 1293 1072 1354 vobis
1096 1295 1221 1372 supplex
1241 1295 1280 1355 ab
1301 1314 1337 1356 eo
1361 1316 1435 1373 pos-

309 1402 394 1476 tulo,
414 1421 527 1480 rosque
548 1421 649 1464 omnes
670 1402 852 1480 protectioni
873 1405 904 1462 et
925 1404 1042 1478 gratiae
1071 1401 1180 1479 ipsius,
1202 1406 1238 1464 nt
1258 1403 1290 1463 in
1311 1422 1347 1464 ea
1360 1423 1434 1482 aga·

310 1511 351 1574 tis
372 1514 404 1572 et
424 1512 571 1586 valeatis,
593 1515 767 1573 reverenter
787 1512 972 1572 commendo.

350 1620 506 1696 Coloniae,
526 1622 546 1680 4
566 1621 705 1682 Januarii
728 1620 817 1682 Anno
843 1621 932 1681 1580.

1043 1728 1150 1790 Vester
1170 1747 1205 1789 ax
1225 1729 1326 1790 animo

1000 1836 1189 1901 AGGAEUS
1210 1838 1391 1901 ALBADA.

766 2132 957 2148 ω

736 2365 867 2410 POMPEIO
887 2365 1010 2410 urnas.

1053 2526 1145 2604 Kdlu,
1167 2529 1187 2589 4
1207 2528 1276 2590 Jan.
1300 2531 1389 2594 1580.
1498 2615 1499 2665 1

346 2737 491 2799 Salutem.
534 2737 582 2797 Aa
602 2736 706 2797 literne
726 2739 813 2811 tuas,
834 2737 882 2798 vir
899 2735 1173 2813 praestantissime,
1195 2737 1292 2799 estare
1317 2741 1349 2800 te
1368 2760 1428 2803 non
1497 2709 1498 2754 ¹

306 2866 444 2925 possum,
462 2866 511 2907 me
532 2845 678 2925 imprimis
699 2846 763 2906 Deo
784 2846 899 2923 optimo
919 2845 1049 2905 maximo
1076 2846 1191 2923 gratiss
1212 2865 1316 2925 agero,
1348 2850 1428 2926 qnod

304 2957 467 3018 nobishoc
488 2959 623 3033 tempore
644 2956 737 3016 talem
758 2956 989 3034 gubernatorem
1011 2955 1203 3033 praefecerit,
1236 2960 1322 3035 eujus
1341 2960 1427 3039 inge·
1494 2967 1495 3018 l

303 3066 389 3128 nium
419 3084 481 3127 non
514 3067 612 3126 solnm
626 3065 729 3125 ‘literis
749 3069 780 3126 et
801 3066 961 3143 prudentia
982 3066 1134 3125 excultum
1155 3067 1211 3140 sit,
1234 3069 1285 3128 sed
1306 3072 1338 3130 et
1360 3073 1426 3131 tota
1493 3051 1494 3107 l

302 3175 418 3237 indoles
448 3178 479 3236 et
509 3177 619 3236 natura
653 3174 718 3235 eius
749 3175 787 3234 ad
820 3194 938 3235 omnem
969 3174 1205 3235 moderationem
1236 3176 1293 3237 hoe
1324 3198 1424 3238 rernm
1492 3141 1493 3195 l

304 3289 388 3348 statu
421 3287 469 3348 rel
495 3286 528 3346 in
559 3284 664 3362 primis
687 3284 886 3344 neeessariam
907 3284 1105 3360 propendeat,
1129 3285 1234 3345 deinde
1257 3286 1350 3347 talem
1366 3287 1424 3364 ,qui
1491 3239 1492 3284 i

300 3398 475 3458 constanter
498 3397 529 3456 et
552 3395 636 3454 firme
668 3394 701 3454 in
729 3411 778 3466 eo,
810 3392 890 3470 quod
921 3392 1013 3451 semel
1038 3395 1074 3452 ut
1095 3412 1224 3469 aequum
1248 3398 1280 3456 et
1306 3397 1421 3472 justum

301 3507 495 3588 approbavit,
526 3507 739 3586 progrediatur
772 3508 877 3566 eontra
908 3522 1009 3564 omnes
1031 3505 1157 3566 aliorum
1182 3510 1327 3580 conatus,
1350 3524 1422 3584 quos

300 3618 363 3679 sine
390 3617 481 3678 dubio
509 3637 528 3678 a
554 3603 657 3677 multis
684 3619 715 3676 et
742 3614 849 3687 variis,
882 3614 934 3691 qui
961 3614 1060 3690 ipsum
1085 3615 1117 3674 iu
1139 3634 1208 3675 snas
1230 3619 1332 3694 partes
1355 3633 1420 3694 per-

299 3727 418 3788 trahere
442 3728 583 3802 student,
604 3743 729 3804 magnos
749 3742 812 3784 esse
833 3723 974 3783 arbitror.
1017 3722 1074 3784 Sed
1096 3726 1128 3784 et
1147 3725 1263 3803 gratias
1288 3745 1346 3804 ago
1360 3726 1419 3784 Do-

300 3837 396 3912 mino,
417 3837 498 3915 qnod
519 3839 549 3898 te
573 3836 599 3895 ei
621 3834 825 3912 conjunxerit,
848 3853 977 3910 quaeum
992 3852 1048 3894 sua
1062 3835 1186 3894 tonsilia
1199 3837 1417 3897 communicare

299 3945 410 4023 possit,
432 3946 518 4022 cujus
538 3943 693 4017 doetrina,
715 3942 899 4022 experientia
920 3946 951 4004 et
971 3943 1069 4004 virtus
1087 3945 1151 4020 jam
1166 3945 1237 4004 olim
1250 3946 1326 4005 mihi
1340 3925 1417 4007 oom-

299 4055 442 4116 mendata
472 4054 541 4114 fuit.
593 4053 675 4114 Haec
706 4071 755 4114 rea
775 4053 866 4129 fauit,
887 4057 923 4114 ut
943 4054 978 4114 de
1000 4054 1114 4130 optimo
1136 4054 1218 4114 exitu
1241 4054 1280 4114 ad
1301 4071 1414 4115 conser-

298 4164 452 4226 vationem
480 4162 647 4225 eommunis
679 4163 796 4240 pat-riae
827 4167 949 4224 nostrae
973 4164 1147 4239 libertatis,
1179 4183 1255 4240 quae
1282 4162 1416 4224 omnibus

296 4273 383 4346 bonis
407 4292 496 4336 aurae
518 4291 581 4334 esse
606 4272 711 4347 debet,
731 4273 891 4352 praecipue
912 4273 944 4335 in
964 4273 1018 4347 iis,
1040 4293 1117 4351 quae
1135 4274 1197 4333 Deo
1222 4273 1261 4334 ab
1281 4289 1414 4350 unoquo·

296 4401 354 4460 que
374 4384 512 4443 nostrum
533 4381 698 4457 debentur,
729 4401 844 4459 sperem
877 4386 908 4444 et
936 4383 1091 4443 confidam.
1132 4383 1206 4442 Inde
1227 4383 1319 4443 otiam
1339 4379 1412 4442 aoei-

221 4541 223 4548 .
295 4491 357 4564 dit,
389 4492 469 4567 quod
500 4509 715 4569 nonnunquam
748 4495 839 4570 prout
871 4492 953 4553 faeta
974 4496 1006 4553 et
1026 4511 1106 4555 nora
1126 4493 1175 4553 hie
1198 4492 1354 4566 insidunt,
1376 4489 1411 4549 ad

292 4600 535 4678 persoribeudum
557 4600 627 4678 illa,
654 4620 802 4678 superque
822 4601 860 4662 iis
884 4601 1042 4662 eonsilium
1067 4619 1167 4674 meum
1191 4601 1410 4663 communican-
