3028 5348
265 447 305 508 52
683 463 815 508 suemus
841 463 970 508 raama.

265 651 366 712 posse,
399 629 479 707 quod
507 626 589 688 omni
616 627 712 689 officio
732 627 764 687 et
785 625 908 690 servitio
932 624 1064 688 vicissim
1088 625 1252 704 promereri
1274 623 1382 702 cupio;

264 742 375 804 iterum
397 739 464 802 vale
485 737 658 835 honorante
677 734 806 797 domina.

721 1075 912 1090 m

264 1355 313 1415 33.
547 1350 705 1414 Glam'ssimo
737 1350 934 1410 ce'ro'domrbo
965 1365 1124 1408 amasco
1151 1349 1320 1410 normal.
1347 1349 1384 1410 0.

504 1461 611 1521 doctori
615 1505 623 1538 ,
635 1460 721 1520 amabo
735 1479 785 1520 rao
798 1459 965 1520 cloniaimo.
999 1459 1036 1520 Ic
1045 1461 1106 1519 dam
1116 1459 1202 1519 Dara.
1226 1457 1304 1535 oco,
1317 1459 1381 1518 celo.

1005 1695 1105 1772 nain,
1125 1694 1144 1756 a
1165 1694 1229 1756 aar
1251 1695 1338 1756 isso.

305 1906 441 1967 Salutem
453 1906 493 1983 1).
534 1905 568 1966 Si
588 1906 673 1967 veles
694 1905 737 1966 mi
761 1904 908 1979 Aokems,
930 1921 998 1965 eum
1011 1922 1103 1966 uxore
1116 1907 1186 1980 tus,
1201 1905 1233 1966 et
1245 1923 1382 1967 necessa·

263 2017 310 2078 ria
330 2017 427 2078 adhuc
448 2019 611 2096 suppetant
631 2017 680 2077 vel
703 2016 829 2077 officiolo
853 2014 971 2093 aliquo,
998 2033 1041 2090 en
1057 2033 1116 2094 quo
1137 2018 1168 2077 te
1193 2018 1224 2078 et
1244 2018 1314 2077 tuos
1328 2016 1383 2076 do·

263 2144 318 2189 naa
344 2125 451 2187 melior
471 2125 587 2188 occasio
608 2125 743 2200 incidat,
764 2125 914 2186 sustinere
938 2143 1047 2202 queas,
1068 2124 1235 2186 honoratus
1255 2123 1311 2198 sis,
1336 2127 1383 2186 est

264 2238 345 2316 quod
377 2255 413 2298 ex
443 2235 543 2296 animo
572 2235 744 2316 gauderem.
785 2234 949 2296 Dominum
969 2233 1096 2295 Uffkens
1117 2234 1191 2296 adeo
1212 2233 1289 2294 nihil
1308 2233 1384 2293 mihi

264 2347 303 2407 ad
330 2364 431 2407 omnes
457 2345 562 2406 literas
592 2364 675 2406 meas
702 2345 881 2424 respondere
904 2346 1005 2418 doleo,
1026 2348 1063 2407 ut
1083 2343 1222 2408 dubitare
1244 2362 1385 2405 nonnun-

264 2474 356 2532 quam
376 2473 483 2534 cogar,
505 2473 545 2542 an
568 2456 607 2515 ad
627 2473 735 2515 manus
759 2456 822 2532 ejus
834 2455 905 2515 illae
918 2453 1066 2515 venerint.
1106 2453 1292 2514 Promiserat
1305 2453 1385 2514 enim

264 2563 355 2637 mihi,
386 2582 418 2625 se
449 2583 566 2625 mecum
598 2563 892 2642 correspondentiam
925 2582 1045 2626 servare
1075 2563 1168 2638 vello,
1188 2564 1244 2624 hoo
1265 2565 1329 2637 est,
1350 2566 1387 2625 ut

263 2675 372 2734 mutua
401 2673 483 2734 iuter
510 2691 565 2734 nos
597 2690 676 2734 nova
708 2677 739 2734 et
770 2673 896 2734 consilia
922 2672 1141 2746 conferremus,
1162 2673 1213 2732 sed
1233 2653 1269 2732 eir
1292 2677 1379 2750 parte

264 2801 321 2844 saa
350 2801 412 2843 non
442 2782 563 2860 implet,
592 2784 673 2860 quod
696 2783 844 2860 promisit.
886 2781 1014 2862 Cognito
1039 2785 1124 2843 statu
1145 2799 1248 2843 earum
1268 2803 1386 2846 rerumr

264 2911 340 2970 quae
361 2891 440 2969 apud
464 2910 520 2953 vos
540 2894 672 2971 aguntur
692 2892 771 2952 sorte
792 2895 967 2972 suggereret
987 2891 1062 2952 mihi
1082 2891 1228 2954 Dominus
1251 2893 1386 2972 aliquid,

265 3002 345 3080 quod
369 3001 481 3064 seruire
504 3001 621 3078 patriae
646 3004 765 3064 vestrae
785 3005 901 3079 posset,
916 2992 974 3062 ‘sed
994 3020 1047 3062 vos
1072 3020 1165 3080 aeque
1185 3021 1304 3066 meeum
1317 3004 1383 3083 agi·

263 3111 304 3173 tis
327 3113 418 3189 atque
439 3110 611 3172 conteranei
633 3107 700 3172 mei.
741 3111 885 3172 Libenter
904 3130 923 3172 a
943 3129 990 3171 mo
1012 3111 1116 3172 literas
1143 3096 1296 3190 accipitis,
1330 3115 1381 3175 sed

264 3221 424 3282 rescribere
455 3221 539 3299 piget
569 3239 638 3295 vos,
670 3223 701 3281 et
734 3223 799 3282 dam
831 3223 860 3306 ic
879 3223 1004 3298 paoercia
1029 3223 1144 3281 comitia
1163 3240 1224 3281 mco
1244 3223 1388 3300 impartiri

263 3349 368 3392 occasa
387 3332 485 3404 tabeo,
505 3331 625 3390 nemine
648 3329 723 3390 mihi
743 3329 941 3408 particularia
960 3330 1129 3414 indicante,
1156 3331 1222 3391 fieri
1243 3350 1305 3394 non
1330 3353 1385 3411 po·

263 3442 341 3516 test,
361 3439 435 3516 quin
457 3440 489 3500 in
500 3439 692 3517 proponendo
712 3438 760 3500 vel
778 3439 927 3518 sequendo
939 3439 1073 3517 generali
1083 3441 1207 3502 consilio
1221 3460 1283 3503 non
1293 3442 1376 3504 aber·

263 3547 342 3608 ratio
373 3546 475 3624 eliqua
505 3547 586 3608 circa
615 3547 812 3625 particularia
842 3567 1060 3636 nonnunquam
1091 3548 1215 3612 incidet.
1266 3551 1380 3632 Scripsi

264 3655 417 3735 proxime,
447 3676 560 3720 novum
587 3655 750 3717 exercitum
782 3656 900 3747 iterum
922 3658 1024 3738 colligi
1054 3662 1086 3721 et
1114 3649 1306 3739 praeparari,
1327 3664 1380 3741 qui

264 3765 401 3828 hostibus
426 3767 538 3828 nostris
566 3767 615 3827 vel
646 3765 714 3825 urbi
742 3769 860 3828 vestrae
884 3768 917 3829 in
940 3768 1087 3830 auxilium
1109 3769 1306 3849 veniat,'(sic
1333 3790 1380 3832 re·

264 3875 339 3936 tulit
368 3875 442 3935 mihi
469 3875 597 3936 nuncius
618 3875 860 3954 Daventriensis‚
893 3877 946 3955 qui
965 3877 1034 3938 inde
1055 3878 1140 3941 venit
1153 3881 1208 3958 2).)
1232 3880 1285 3941 sed
1303 3899 1379 3942 non·

263 3982 335 4043 dum
355 3983 492 4061 intelligo
515 4002 583 4042 eum
603 3982 648 4052 ita
668 3983 851 4046 instructum
871 4002 949 4059 esse,
971 3986 1022 4064 qui
1043 3987 1092 4047 vel
1113 4006 1146 4048 eo
1161 3989 1317 4065 pervenire
1331 3991 1380 4052 vel

263 4093 395 4154 multum
424 4091 485 4152 illis
516 4090 620 4151 auxilii
650 4095 803 4168 praestare
833 4094 955 4170 poterit.
996 4094 1111 4174 Dicunt
1143 4073 1380 4160 12'vexillorum

264 4202 413 4263 delectum
435 4200 468 4261 is
491 4219 567 4279 pago
590 4201 620 4262 S.
661 4201 728 4263 Viti
752 4204 817 4282 agi,
840 4205 892 4265 sed
912 4205 990 4265 nulli
1010 4207 1107 4267 adhuc
1130 4207 1246 4285 equites
1270 4209 1380 4270 adsunt

262 4309 315 4385 iis,
337 4312 369 4370 et
391 4309 533 4371 videntur
552 4310 598 4371 ita
620 4311 654 4372 iu
674 4310 837 4374 Hannonis
857 4315 889 4376 et
912 4313 1035 4376 Artesia
1054 4318 1163 4394 premi,
1184 4320 1221 4380 ut
1241 4335 1303 4380 non
1323 4318 1379 4379 mi·

296 4491 322 4553 1)
357 4491 421 4540 Ganz
444 4489 611 4558 aiganhiindig.

299 4585 325 4652 2>
359 4584 500 4639 Randnotiz.
