3020 5360
501 556 660 600 munuum
680 557 810 600 nonnul.
1156 544 1214 605 109

97 719 175 778 mine
195 717 390 778 rescriberem
410 717 531 794 rogavit
554 736 602 776 me
622 717 731 779 nobilis
748 718 886 794 juvenis,
907 718 1046 780 dominus
1060 719 1096 780 de
1110 721 1211 799 Praet,

13 837 14 840 ’
97 829 160 904 ejus
186 828 339 904 quondam
369 811 561 905 paedagogus
587 826 705 886 Lollius
737 827 932 886 honorificam
956 827 1003 888 tui
1023 830 1208 890 mentionem

93 935 163 996 fecit
183 955 285 998 eoram
307 937 429 998 doctore
450 935 590 1010 Danueo,
611 937 664 1015 qui
684 938 739 995 tua
758 935 872 1012 scripta
885 936 1069 998 subobscura
1078 939 1206 1014 judicat.

94 1044 186 1106 Credo
217 1064 304 1118 sane,
336 1046 408 1126 quia
440 1046 510 1105 fidei
541 1048 628 1118 sunt,
662 1063 723 1104 non
757 1045 884 1106 rationis
919 1047 967 1106 vel
991 1047 1206 1124 philosophiae.

93 1153 204 1214 Verum
234 1173 269 1212 ex
295 1153 342 1213 his
355 1205 358 1211 .
373 1153 516 1214 nundinis
545 1153 712 1230 accepimus
743 1154 879 1213 libellum
902 1154 940 1213 ab
961 1155 1064 1214 eodem
1085 1157 1206 1217 Danaae

92 1265 251 1340 scriptum,
274 1263 322 1322 cui
343 1265 456 1323 titutus
477 1265 539 1322 est:
563 1263 617 1322 »ds
638 1263 814 1322 adoratione
835 1263 933 1324 carnis
955 1262 1103 1338 Christi·,''
1124 1265 1156 1324 in
1171 1283 1205 1324 eo

90 1373 194 1432 multis
219 1373 405 1450 argumentis
431 1370 589 1431 ostendere
610 1373 753 1444 conatur,
783 1367 936 1430 Christum
957 1371 1120 1430 secundum
1141 1390 1207 1430 ear·

91 1501 155 1542 nem
179 1500 240 1540 non
261 1499 324 1540 esse
345 1479 542 1539 adorandum.
585 1476 722 1537 Offensus
745 1479 801 1537 hoo
822 1477 963 1554 pestifero
994 1478 1096 1540 libello
1115 1463 1206 1539 aliam

91 1590 245 1665 epistolam
276 1605 367 1669 paro,
399 1591 430 1647 et
458 1588 522 1663 jam
553 1605 609 1662 pro
644 1586 753 1662 majori
779 1589 866 1662 parte
893 1587 1033 1646 absoluta
1065 1591 1124 1662 cst,
1146 1607 1207 1665 qua

13 1767 14 1776 χ
90 1697 300 1776 ignominiam,
323 1715 383 1773 qua
405 1696 560 1756 Christum
580 1693 688 1770 afficit,
711 1695 823 1772 aperio.
864 1695 947 1754 Haec
966 1696 1095 1772 epistola
1108 1699 1207 1757 extor-

13 1797 14 1830 ³
90 1806 192 1882 quebit
222 1823 399 1882 responsum
431 1804 470 1862 ad
489 1806 667 1880 utramque;
688 1803 773 1864 ridet
794 1803 852 1862 sibi
875 1822 938 1862 non
961 1822 1024 1863 esso
1049 1805 1206 1882 negotium

13 1887 15 1920 ἒ
89 1931 155 1972 eum
185 1911 292 1972 crassis
323 1910 519 1987 Lutheranis,
541 1931 611 1990 ergo
643 1912 683 1970 ad
708 1912 950 1987 respondendum
974 1910 1053 1971 forte
1077 1913 1206 1974 nonita

89 2021 173 2082 velox
195 2023 250 2082 est.
290 2021 425 2082 Priorem
447 2039 564 2098 quoque
584 2019 720 2081 libellum
743 2021 780 2079 de
801 2019 925 2080 ecclesia
944 2019 1074 2080 latinum
1089 2023 1203 2100 aocepi3

13 2147 14 2168 l
88 2131 181 2191 eidem
204 2121 325 2190 additae
347 2133 418 2190 sunt
439 2130 547 2189 literae
567 2131 605 2189 ed
619 2113 834 2190 Theodericum
849 2128 1101 2210 Koornhartium,
1116 2150 1205 2207 quem

13 2221 15 2276 Ῡ
88 2257 165 2299 nunc
191 2239 318 2317 cognovi
344 2241 497 2298 auctorem
529 2256 593 2298 esse
623 2237 734 2297 libelli:
765 2256 843 2298 »van
864 2238 917 2297 der
937 2237 1045 2296 kercka
1069 2237 1201 2313 Gades,'’

87 2349 249 2424 multisque
272 2347 305 2406 in
329 2348 366 2407 iis
387 2347 483 2406 literis
503 2347 644 2407 convitiis
661 2367 735 2422 ,eum
756 2347 936 2422 proscindit,
952 2347 1032 2423 quod
1046 2347 1203 2424 displicere

87 2457 176 2531 mihi,
197 2475 252 2516 nee
273 2473 417 2533 personae
438 2455 503 2530 ejus
515 2455 673 2514 convenire
687 2455 719 2514 in
733 2455 875 2539 epistola,
897 2474 987 2531 quam
1001 2472 1081 2514 nuno
1095 2454 1203 2531 scribo,
1245 2479 1250 2482 ·

88 2564 253 2624 ostendam.
295 2563 354 2623 Sed
374 2564 413 2622 ad
433 2563 544 2622 Theod.
566 2563 651 2623 brevi
672 2564 838 2640 scripturus
860 2583 942 2636 sum,
970 2583 1097 2641 cumque
1118 2583 1153 2624 eo
1167 2565 1203 2624 de

87 2691 137 2731 suo
167 2691 285 2749 quoque
316 2671 419 2731 libello
441 2671 731 2744 communicaturus,
752 2691 871 2750 unaque
892 2674 1058 2749 exemplum
1080 2673 1202 2748 scripti,
1273 2680 1278 2691 “

86 2783 162 2858 quod
184 2782 222 2841 ad
244 2781 398 2854 Danaeum
419 2781 503 2856 dodi,
523 2781 747 2856 transmittam,
769 2785 804 2842 ul
825 2783 973 2859 quomodo
995 2801 1013 2841 a
1032 2801 1080 2841 me
1102 2780 1202 2840 defen-

13 2895 14 2948 Ϊ
86 2909 133 2950 eus
164 2891 221 2964 sit,
254 2889 364 2950 videat.
415 2889 559 2950 Desidero
579 2892 681 2949 tamen
703 2893 734 2948 te
754 2890 802 2950 uel
826 2891 874 2948 tui
892 2891 1017 2950 similem
1041 2909 1202 2948 amanuen-

86 3016 154 3058 sem.
197 2998 317 3058 Interea
336 2998 501 3074 plurimum
522 3018 590 3056 eum
612 3017 630 3056 a
650 3017 697 3057 me
720 2998 882 3070 salutabis,
904 3000 935 3057 et
959 2998 1048 3056 utin
1061 2998 1200 3057 veritatis

85 3105 276 3184 inquisitione
307 3110 429 3185 pergat,
463 3107 653 3180 admonebis,
685 3126 781 3186 neque
808 3107 866 3166 sibi
886 3107 1066 3183 persuadeat
1087 3107 1201 3182 sejam

13 3195 15 3276 i
68 3217 184 3275 omnia
207 3217 401 3292 assequutum
423 3234 494 3275 esse.
536 3215 619 3276 Haec
640 3215 795 3275 hactenus.

13 3303 14 3306 Ἴ
122 3324 208 3394 Quod
229 3324 267 3382 ad
287 3325 443 3402 negotium
463 3345 563 3384 meum
583 3325 710 3398 attinet,
732 3343 784 3384 oro
805 3325 880 3383 illud
905 3343 924 3383 a
943 3323 1075 3383 Foikone
1095 3329 1200 3385 nostro

85 3434 198 3511 urgeri,
219 3452 291 3494 nam
312 3434 357 3493 ita
382 3435 469 3494 video
493 3435 696 3495 necessarium
719 3453 797 3509 esse,
819 3437 886 3494 tum
906 3434 965 3511 ipsi
987 3452 1112 3508 causac,
1132 3436 1200 3492 tum

85 3542 171 3604 rebus
191 3544 274 3602 meis.
316 3541 424 3602 Virum
444 3543 533 3603 illum
554 3545 596 3604 sio
618 3563 722 3621 agere,
736 3563 798 3603 non
812 3563 935 3620 possum
949 3544 1024 3604 satis
1039 3528 1200 3616 admirari3

85 3652 215 3728 gaudeo,
245 3655 277 3712 te
299 3652 414 3730 aliquid
439 3653 565 3713 subsidii
587 3654 818 3714 necessitatibus
839 3655 900 3714 tuis
920 3654 1084 3725 invenisse,
1107 3654 1200 3713 donec

84 3757 114 3817 in
143 3759 300 3819 meliorem
331 3763 447 3820 statum
479 3781 526 3822 res
553 3763 670 3838 patriae
692 3765 918 3823 convertantur.
958 3761 1039 3821 Bene
1063 3762 1132 3821 vale
1153 3761 1200 3821 vir

13 3925 14 3968 ἦ
85 3869 301 3943 amantissimo3
323 3871 427 3945 uxori,
448 3872 569 3931 domino
593 3871 758 3947 Alberdae,
781 3871 902 3932 Feiconi
922 3871 1105 3948 reliquisque
1118 3869 1199 3930 notis

13 4023 15 4050 ,
84 3977 114 4036 et
133 3977 237 4038 amicis
259 3997 377 4039 omnem
397 3998 416 4039 a
437 4000 484 4040 me
505 3981 633 4040 salutem
656 3983 687 4041 et
712 3999 853 4040 amorem.
1078 3985 1080 3990 '

122 4085 277 4161 Coloniae,
300 4091 318 4149 9
340 4087 407 4150 Oct.
431 4091 518 4150 1582.

767 4245 768 4248 η
860 4199 942 4258 Tuus
963 4217 999 4257 ex
1018 4197 1118 4257 animo

943 4305 981 4367 A.
1001 4305 1040 4366 A.
