3028 5348
354 587 356 590 Ι
432 527 473 568 nn
494 522 633 566 canorum
653 519 858 566 urnuuovruu.
1160 504 1198 564 59

100 688 147 748 teti
164 687 342 765 reipublicae
361 688 494 759 vestrae,
516 685 565 745 vel
589 685 682 744 etiam
703 683 872 762 progressui
892 685 947 742 tuo
968 681 1077 743 invita
1090 680 1197 741 salutis

28 791 30 854 1
100 796 228 874 expediet.
263 795 480 867 ¹Quamobrem
505 794 643 871 inprimis
665 795 698 854 te
718 796 860 872 rogatum
883 793 989 864 velim,
1013 796 1049 853 ut
1070 792 1144 851 mihi
1165 790 1198 851 in

28 971 29 990 ,
100 907 137 966 his
154 906 236 966 rebus
257 925 326 966 oum
348 906 455 965 timore
476 904 533 963 Dei
565 904 670 963 multis
689 905 754 979 jam
777 903 863 963 annis
885 901 1020 963 versanti
1040 902 1129 961 fidem
1143 901 1198 960 ha-

28 991 30 1030 l
101 1014 175 1087 beas,
195 1015 292 1092 quoad
313 1014 467 1092 religionis
491 1012 734 1073 reformationem
758 1031 820 1073 non
836 1031 904 1086 esse
929 1011 1026 1071 adhuc
1047 1009 1148 1071 omnia
1162 1028 1196 1069 eo

99 1124 152 1183 loco
174 1125 355 1196 constituta,
377 1142 437 1201 quo
458 1140 520 1183 esse
541 1123 660 1182 debent.
701 1121 865 1181 Habendae
894 1122 966 1180 sunt
986 1119 1049 1179 Deo
1072 1117 1194 1196 Optimo

28 1207 29 1226 Χ
99 1231 215 1293 Maxim
238 1233 356 1310 gratiae
380 1233 541 1292 immensae
562 1251 616 1309 pro
637 1248 772 1290 errorum
796 1234 827 1290 et
848 1231 1011 1304 abusuum,
1044 1230 1094 1308 qui
1118 1230 1198 1306 apud

97 1344 210 1420 majores
230 1345 351 1402 nostros
371 1342 509 1415 fuerunt,
531 1341 747 1419 patefaction03
767 1339 935 1400 honorandi
951 1340 1042 1399 etiam
1056 1338 1102 1397 illi
1116 1343 1196 1411 sunt,

98 1452 141 1528 qui
160 1455 212 1512 hos
235 1470 351 1511 errores
371 1453 403 1510 et
423 1451 534 1511 abusus
556 1452 666 1528 populo
689 1450 853 1511 ostendunt
867 1453 897 1508 et
911 1447 1200 1524 declarant'quue

28 1615 29 1624 ,
98 1563 196 1640 magis,
212 1563 243 1622 'si
265 1581 283 1622 a
305 1561 480 1622 ceremoniis
502 1564 532 1620 et
546 1560 700 1620 elementis
714 1561 804 1635 hujus
818 1561 923 1619 mundi
937 1561 976 1618 ad
990 1561 1086 1620 solum
1101 1558 1201 1619 Chris·

28 1683 29 1690 ¹
97 1674 168 1748 tum,
192 1674 228 1731 ut
252 1671 289 1730 ab
312 1690 346 1731 eo
369 1670 487 1743 omnia,
510 1689 586 1746 quae
607 1669 794 1729 adsalutem
814 1669 983 1728 necessaria
1003 1672 1089 1741 sunt,
1105 1669 1202 1745 qualis
1216 1747 1229 1756 ἱ

28 1759 30 1812 l
98 1783 224 1842 estsere
244 1780 341 1855 pietas
363 1782 394 1839 et
413 1779 553 1855 justitia,
574 1781 718 1854 petantur
739 1781 770 1838 et
791 1780 1000 1856 expectentur,
1022 1779 1104 1840 viam
1118 1798 1202 1840 mon·

28 1869 30 1890 1

28 1911 29 1968 j
99 1891 200 1950 strant:
222 1889 288 1963 Illi,
310 1890 443 1965 inquam,
465 1887 633 1948 honorandi
653 1895 721 1947 sunt
737 1890 768 1948 et
781 1887 880 1947 audiri
894 1890 1034 1964 possunt,
1050 1890 1203 1963 utcunque

28 1999 29 2072 ᾖ
99 1999 189 2072 plures
212 1998 265 2058 alii
287 1989 350 2059 esse
372 2001 502 2075 queant,
524 1999 575 2076 qui
590 1999 622 2057 in
635 1998 725 2058 litera
738 1999 850 2076 magis,
865 2017 955 2077 quam
969 1999 1031 2072 illi,
1048 1998 1204 2059 exercitati

28 2099 30 2168 ἰ
101 2111 127 2167 11
155 2109 299 2168 illustrati
331 2109 472 2168 existant.
513 2109 623 2170 Omnes
643 2109 753 2186 quippe
775 2109 878 2169 audire
899 2113 930 2169 et
950 2109 1077 2187 probare
1101 2127 1204 2186 possu-

101 2236 172 2291 mus,
193 2220 244 2278 sed
266 2238 334 2279 cum
355 2236 443 2295 nemo
469 2219 510 2279 sit
531 2239 648 2294 eorum,
671 2221 723 2297 qui
743 2219 925 2297 singularem
946 2221 1004 2281 sibi
1018 2219 1205 2283 vocationem

28 2355 29 2358 ¹
102 2345 164 2402 prae
193 2329 317 2404 reliquis
338 2348 479 2408 arrogare
500 2330 549 2391 vel
570 2330 681 2388 audeat
701 2330 750 2390 vel
771 2348 839 2390 vere
860 2329 972 2406 possit,
994 2329 1081 2388 nobis
1101 2330 1205 2406 politi·

103 2435 139 2494 cis
158 2439 292 2514 expedire
314 2438 445 2498 arbitror
458 2459 690 2516 unumquenque
705 2439 743 2499 ad
757 2440 936 2526 modestiam
950 2439 1119 2513 adhortari,
1134 2458 1205 2501 con·
1272 2453 1277 2470 ·

103 2545 241 2633 tentiones
263 2549 295 2607 et
318 2547 496 2621 maledicta,
518 2555 665 2626 quantum
687 2548 719 2606 in
742 2548 828 2608 nobis
850 2552 909 2621 ost,
925 2548 1113 2622 dissuadere,
1128 2549 1205 2608 uuili

104 2654 139 2713 sic
167 2654 345 2734 adhaerere,
377 2661 413 2717 ut
443 2676 505 2716 non
526 2657 654 2717 aliorum
676 2676 794 2736 quoque
815 2658 894 2716 dona
916 2659 1154 2718 commendemus
1175 2662 1206 2718 et

103 2764 197 2845 cuique
218 2785 305 2826 snum
327 2785 450 2826 cursum
473 2767 581 2826 tandiu
602 2767 828 2844 permittamus,
860 2768 953 2826 donec
974 2766 1121 2826 Dominus
1143 2766 1206 2844 ipse

103 2890 163 2936 suos
193 2877 345 2936 ministros
377 2877 515 2950 omittat,
547 2877 579 2934 in
610 2876 718 2955 quibus
747 2895 808 2936 non
829 2877 926 2936 solum
947 2877 1051 2936 literae
1075 2877 1206 2955 cognitio

103 2986 146 3045 sed
166 2986 261 3046 multo
292 2985 388 3064 magis
415 2986 512 3046 virtus
542 2985 672 3062 Spiritus
693 2985 797 3045 Sancti
817 2985 850 3049 in
876 2985 1014 3045 cordibus
1035 2986 1207 3046 auditorum

28 3163 29 3168 η
103 3111 216 3171 operans
246 3098 451 3172 cognoscetur.
501 3095 538 3154 In
558 3114 675 3155 summa
706 3114 773 3154 cum
804 3096 973 3174 gratiarum
993 3095 1112 3155 actione
1132 3095 1206 3170 hoc,

104 3203 174 3275 quod
196 3203 342 3264 Dominus
363 3205 506 3264 haetenus
530 3205 615 3264 dedit
635 3204 840 3283 accipiendum
862 3222 975 3264 censeo.
1017 3204 1074 3276 Qui
1089 3203 1128 3262 ad
1150 3204 1206 3264 hoc

104 3313 262 3373 aurierunt
282 3314 331 3375 vel
351 3313 448 3373 adhuc
469 3315 620 3388 serviunt,
641 3314 743 3391 magni
762 3313 891 3374 faciendi
910 3316 990 3374 sunt.
1031 3312 1064 3372 Si
1077 3313 1129 3390 qui
1142 3332 1208 3390 per-

103 3417 200 3482 fectius
222 3422 344 3502 aliquod
364 3422 521 3497 adferunt,
543 3423 592 3484 vel
612 3423 645 3481 in
671 3425 825 3499 posterum
846 3442 900 3498 per
919 3422 1064 3497 majorem
1078 3423 1209 3499 gratiam

104 3530 131 3588 et
147 3530 241 3592 lucem
262 3531 438 3603 attulerint,
460 3530 507 3589 his
528 3549 646 3608 quoque
667 3548 756 3590 suum
769 3532 912 3591 honorem
927 3530 1143 3605 attribuemus,
1160 3532 1210 3592 sed

101 3641 132 3698 ut
158 3658 217 3702 non
236 3641 336 3701 minus
366 3641 439 3700 haec
459 3659 550 3716 quam
577 3643 669 3718 prout
688 3642 732 3718 de,
745 3640 991 3716 praecedentibus
1022 3634 1147 3700 fecimus
1170 3640 1208 3700 ad

102 3746 213 3810 Lidium
237 3750 386 3827 lapidem,
406 3751 463 3810 hoo
484 3752 531 3810 est
551 3749 590 3811 ed
609 3750 666 3809 Dei
687 3751 812 3811 verbum
835 3751 867 3810 in
888 3750 1004 3828 Spiritu
1019 3749 1130 3811 Sancto
1143 3768 1212 3828 pro·

101 3856 197 3921 bemus
230 3863 262 3922 et
282 3861 505 3935 examinemus,
546 3860 594 3920 hic
616 3859 744 3937 Spiritus
762 3860 888 3920 demisso
910 3860 1010 3921 animo
1033 3863 1064 3920 et
1084 3861 1213 3920 assiduis

101 3969 250 4044 praecibus
272 3988 289 4029 a
311 3971 374 4029 Deo
396 3971 594 4047 postulandus
616 3974 671 4030 est.
712 3970 832 4029 Interea
852 3969 939 4040 nihit
949 3969 1056 4028 melius
1077 3989 1131 4029 nos
1150 3968 1212 4029 fac-

100 4078 180 4138 turos
199 4097 262 4140 esse
285 4078 430 4154 arbitror,
452 4058 544 4156 quam
565 4079 590 4139 si
615 4078 732 4139 omissis
752 4078 906 4140 variorum
927 4077 1161 4154 expositionibus
1180 4079 1214 4136 in
1303 4091 1312 4102 ‘

101 4187 175 4248 nudo
195 4191 283 4249 textu
302 4189 374 4251 novi
395 4187 597 4261 Testamenti,
611 4187 660 4250 vel
674 4187 698 4248 si
713 4207 765 4263 per
780 4185 989 4260 occupationes
1003 4187 1103 4244 totum
1116 4186 1214 4263 legere

102 4297 131 4354 et
149 4298 310 4374 expendere
331 4317 392 4358 non
412 4299 518 4371 liceat,
539 4298 572 4357 in
594 4295 746 4375 evangelii
763 4297 876 4356 domini
903 4295 1048 4356 Johannis
1070 4298 1102 4354 et
1121 4295 1215 4372 ipsius

105 4385 241 4479 epistolae
261 4406 390 4467 lectione
413 4425 467 4467 nos
487 4425 693 4483 exerceamus,
714 4408 903 4467 intellectum
916 4424 1037 4477 eorum,
1053 4423 1129 4481 quae
1143 4405 1216 4463 scri-

105 4509 148 4574 bit
175 4533 194 4575 a
223 4515 339 4593 Spiritu
367 4516 490 4576 Domini
518 4517 704 4595 postulemus
731 4519 763 4578 et
784 4519 932 4592 quantum
953 4515 1066 4575 dederit
1087 4513 1216 4573 fideliter·

108 4637 289 4701 exequamur.
340 4625 480 4697 Quinimo
511 4646 546 4686 ex
575 4645 640 4686 meo
668 4627 807 4701 consilio,
830 4627 855 4686 si
878 4625 979 4690 divino
1000 4625 1069 4686 huic
1090 4625 1210 4702 negotio
1289 4662 1290 4666 =
