3020 5360
455 498 496 541 AD
518 489 693 540 Huuualcun
714 498 753 539 AB
773 496 896 540 EUSSUM.

458 678 498 719 sn
519 675 697 718 rruunrucuu
719 676 757 716 su
777 675 900 717 sussuu.

827 833 951 909 Speier,
973 835 1010 891 25
1032 833 1095 893 Mai
1117 834 1205 893 1583.

169 992 286 1076 Nobilis
314 1012 574 1090 praestantissime
599 1011 726 1072 domine.
775 1011 911 1084 Literas,
933 1029 1008 1087 quas
1032 1010 1173 1088 Dignitas
1194 1014 1250 1070 tua

126 1126 248 1185 nomine
269 1124 399 1201 optimae
424 1125 455 1181 et
479 1120 630 1198 piissimae
653 1123 826 1193 matronae,
859 1119 966 1178 matris
990 1122 1060 1178 tuae
1081 1120 1119 1178 ad
1141 1138 1188 1178 me
1211 1120 1247 1177 15

128 1233 227 1309 April.
249 1252 284 1292 ex
304 1231 442 1290 Iendleth
463 1229 560 1304 dedit,
582 1248 634 1288 eae
654 1229 702 1288 hic
724 1229 800 1287 mihi
820 1228 925 1305 Spirae
948 1228 985 1286 21
1010 1229 1099 1304 hujus
1114 1229 1248 1289 redditae

128 1344 212 1401 sunt.
262 1340 306 1398 Ex
336 1339 398 1398 illis
430 1342 462 1398 ct
489 1340 618 1396 mortem
645 1337 741 1413 patris
766 1337 813 1397 tui
838 1337 1005 1397 fidelissimi
1028 1337 1100 1396 olim
1121 1337 1248 1396 fautoris

130 1452 166 1508 et
195 1447 284 1508 amici
315 1446 389 1521 mei,
420 1465 509 1525 quern
542 1463 596 1522 ego
629 1445 761 1505 vicissim
782 1463 899 1504 summa
920 1464 1036 1521 semper
1057 1445 1249 1505 observantia

132 1575 293 1632 amoreque
313 1557 513 1631 prosequutus
536 1573 619 1626 sum,
641 1556 672 1612 et
693 1554 827 1612 omnium
842 1557 976 1614 restrum
986 1555 1105 1629 justum
1119 1555 1156 1613 ob
1170 1573 1249 1614 mor-

132 1669 196 1725 tem
216 1665 280 1740 ejus
301 1663 434 1722 dolorem
455 1661 600 1721 intellexi.
644 1661 709 1732 Quo
730 1662 841 1721 nuncio
861 1662 895 1721 in
913 1662 1001 1722 initio
1024 1663 1251 1737 supramodum

133 1775 300 1834 commotus
332 1774 362 1832 et
392 1771 593 1830 contristatus
624 1770 684 1842 fui,
717 1789 823 1831 verum
853 1773 959 1846 postea
984 1771 1017 1829 in
1045 1789 1092 1829 me
1112 1789 1249 1831 reversus

133 1887 225 1962 atque
245 1881 411 1957 praesentis
443 1878 586 1954 temporis
617 1881 716 1953 stetu,
748 1897 807 1955 quo
841 1879 989 1955 judicium
1020 1881 1075 1939 Dei
1106 1881 1250 1941 adversus

134 1991 281 2052 mundum
313 1989 425 2066 coepit,
457 1988 663 2062 considerate,
701 1987 780 2046 inter
811 2007 861 2047 eos
893 1989 1099 2065 potissimum,
1131 1991 1183 2065 qui
1220 2007 1250 2049 se

134 2100 267 2177 negociis
310 2098 438 2175 publicis
479 2098 655 2157 subtrahere
692 2099 862 2172 nequeunt,
903 2099 992 2174 longe
1028 2097 1174 2157 feliciores
1201 2116 1251 2158 eos

138 2227 203 2269 esse
246 2209 340 2280 duco,
382 2207 434 2284 qui
472 2207 585 2268 mortui
625 2209 715 2279 snnt,
747 2225 837 2282 quarn
870 2208 919 2282 qui
948 2207 982 2265 in
1012 2207 1090 2267 vivis
1120 2209 1252 2267 manent.

135 2317 217 2378 Sunt
250 2317 328 2377 enim
361 2317 467 2394 gravia
498 2319 651 2393 tempore,
683 2319 714 2376 et
744 2315 915 2394 hujusmodi
935 2316 1071 2394 negocia,
1091 2317 1125 2375 in
1146 2316 1253 2393 quibus

132 2425 222 2486 facile
247 2427 313 2502 qnis
334 2426 476 2504 impingit
497 2444 532 2486 sc
552 2426 682 2500 labitur,
702 2426 879 2503 instantque
899 2427 988 2503 longe
1005 2426 1101 2486 adhuc
1114 2426 1254 2504 graviora

133 2539 290 2611 tempora,
322 2554 414 2612 qnam
437 2555 513 2611 quae
534 2536 679 2594 hactenus
701 2536 884 2611 extiterunt,
905 2555 998 2612 eaque
1020 2537 1058 2595 ab
1078 2555 1140 2594 nna
1161 2538 1251 2613 gente

138 2644 178 2702 ad
206 2644 298 2703 aliam
324 2642 510 2702 transibunt.
551 2643 680 2720 Ideoque
701 2644 779 2702 nulli
799 2643 905 2704 melius
926 2648 986 2717 est,
1008 2663 1099 2719 qnam
1119 2645 1167 2705 vel
1188 2662 1251 2703 esse

135 2751 169 2810 in
190 2751 318 2810 Domino
340 2754 510 2824 mortuum,
542 2751 591 2812 rel
621 2755 657 2811 ut
687 2756 831 2828 sequetur
858 2754 1016 2813 consilium
1048 2754 1125 2813 illud
1144 2753 1252 2812 Esaiae

135 2879 161 2920 c.
183 2862 222 2920 26
243 2881 271 2921 v.
293 2862 332 2918 20
356 2861 449 2921 »rade
473 2861 582 2937 popule
603 2860 659 2934 mi,
681 2863 712 2920 et
738 2861 894 2939 ingredere
916 2862 1086 2921 cubiculum
1111 2864 1198 2922 tuum
1219 2864 1251 2920 et

136 2969 241 3029 claude
263 2969 375 3028 ostium
395 2971 484 3027 tunm
504 2970 574 3042 post
594 2971 641 3040 te,
663 2969 780 3044 quiesce
801 2971 979 3047 paululum,
1001 2970 1094 3029 donec
1116 2972 1253 3030 transeat

135 3059 183 3137 ira
212 3075 296 3137 Dei.''
349 3076 386 3134 In
418 3094 508 3152 quum
541 3076 722 3135 sententiam
753 3078 842 3153 plura
873 3078 1049 3150 scriberem,
1076 3078 1136 3136 nisi
1156 3078 1254 3154 pietas

137 3186 244 3246 matris
265 3189 336 3246 tuac
357 3189 389 3245 et
409 3190 512 3246 restro
534 3186 668 3246 omnium
689 3190 768 3246 esset
787 3188 861 3246 mihi
882 3193 1038 3265 perspecta
1066 3193 1097 3248 et
1116 3189 1254 3267 cognita3

138 3314 198 3370 qua
218 3295 306 3370 freti,
329 3297 473 3356 adhibitis
495 3297 633 3373 precibus
654 3297 693 3356 ad
715 3297 826 3370 Deum,
847 3317 881 3357 ao
904 3317 1005 3358 sacrae
1016 3298 1182 3375 scripturae
1196 3299 1256 3358 lec·

138 3407 235 3479 tione,
256 3407 288 3465 id
309 3407 391 3482 qnod
414 3407 499 3465 vobis
520 3425 555 3465 ex
578 3407 634 3466 Dei
656 3424 756 3466 amore
790 3409 821 3465 et
843 3407 1001 3467 voluntate
1025 3407 1148 3479 accidit,
1168 3407 1256 3466 facilc

140 3515 329 3591 superabitis.
381 3514 467 3584 Quod
498 3515 537 3573 ad
568 3535 616 3574 me
647 3515 760 3575 attinet
790 3532 851 3574 non
881 3515 1042 3594 ignoratis,
1064 3519 1179 3593 quanta
1198 3517 1255 3575 fide

140 3627 171 3684 et
201 3623 359 3701 diligentia
390 3642 505 3700 semper
539 3627 665 3684 conatus
698 3643 765 3683 sum
795 3623 878 3699 patri
913 3626 1029 3696 vestro,
1071 3623 1120 3682 oui
1151 3624 1255 3684 Domi-

139 3752 197 3792 nus
224 3751 278 3810 pro
313 3751 368 3793 sna
399 3733 604 3792 misericordia
636 3733 799 3811 gloriosam
829 3731 1076 3792 resurrectionem
1102 3752 1171 3792 curn
1192 3753 1256 3794 om-

126 3842 229 3924 nibns
261 3842 374 3902 sanctis
406 3843 476 3901 dere
507 3842 665 3919 dignetur,
696 3842 861 3919 gratificari
888 3844 919 3901 et
939 3841 1099 3913 inservire,
1130 3843 1256 3903 eandem

140 3951 229 4010 fidem
261 3954 293 4010 et
322 3950 511 4028 diligentiam
542 3950 643 4023 vobis,
674 3951 701 4010 si
739 3969 799 4028 qna
835 3951 867 4010 in
904 3971 936 4010 re
965 3971 1032 4011 men
1052 3970 1142 4027 opera
1178 3953 1256 4012 indi·

140 4059 254 4137 geatis,
285 4079 321 4118 ex
352 4061 418 4118 toto
447 4059 548 4118 animo
581 4077 647 4118 meo
674 4062 827 4136 praestare
860 4065 985 4138 paratus
1016 4079 1098 4133 sum,
1126 4061 1257 4121 adeant

140 4183 202 4226 non
231 4169 381 4246 gravabor
411 4169 503 4228 etism
535 4170 574 4228 ad
606 4188 660 4230 vos
693 4169 869 4229 descendere
902 4171 954 4230 ubi
985 4171 1045 4231 tale
1076 4171 1191 4249 aliquid
1210 4171 1257 4229 in·

141 4274 264 4350 ciderit,
296 4297 355 4354 qno
388 4297 436 4338 res
467 4281 585 4339 vestros
618 4276 741 4338 consilio
774 4296 841 4336 meo
871 4279 979 4354 juvare
1020 4285 1052 4341 et
1081 4299 1256 4358 promovere

88 4413 93 4420 ·
129 4387 252 4462 potero.
303 4386 369 4448 Hoc
399 4389 435 4448 de
453 4407 501 4447 me
524 4387 609 4448 vobis
631 4387 715 4446 firme
736 4386 923 4463 persuadete.
941 4421 975 4430 -
988 4389 1083 4450 Venio
1106 4391 1145 4450 ad
1165 4410 1257 4469 nego-

143 4494 223 4553 cium
253 4513 362 4556 meum.
403 4497 448 4556 De
475 4495 652 4574 hypothecis
672 4495 746 4554 meis
766 4494 895 4554 libenter
915 4495 1067 4572 intellexi,
1088 4519 1164 4576 qnae
1185 4503 1258 4563 scri-

143 4602 239 4677 bitis,
272 4608 324 4666 scd
354 4608 476 4669 tandem
490 4585 593 4686 bego,
614 4608 747 4686 aliquam
767 4625 857 4682 snper
876 4607 913 4667 iis
934 4607 1158 4686 inquisitionem
1177 4613 1257 4678 fieri:
