3020 5360
487 468 646 534 anuanaro
664 469 795 513 acrama
1166 453 1203 515 85

101 633 253 694 committo.
296 631 475 692 Mandatum
499 631 602 704 mitto,
635 631 715 707 quod
742 632 817 707 puto
841 630 1046 690 suffecturum.
1089 629 1208 690 Instru-

99 744 257 802 mentorum
277 743 397 803 tenores
418 740 499 800 haud
519 739 651 800 arbitror
675 739 836 815 denegatos
860 739 908 798 iri.

134 849 216 911 Nova
236 851 306 924 tua,
329 851 366 908 ut
391 847 552 924 aliquoties
572 847 696 924 scripsi,
717 848 805 908 valdo
827 847 901 906 mihi
921 850 1010 925 grata
1032 850 1119 921 sunt,
1142 847 1207 907 ani-

99 961 259 1019 notamen
278 957 388 1035 incipio
410 976 457 1017 me
482 957 579 1034 magia
603 974 638 1017 ac
657 956 754 1034 magis
780 955 877 1016 abiis
901 955 1093 1031 abstrahere,
1118 975 1207 1033 prop·

97 1069 186 1140 terea,
206 1066 285 1143 quod
306 1065 431 1126 consilia
451 1068 483 1125 et
503 1065 585 1127 facta
607 1062 755 1124 Ordinum
776 1064 843 1141 plna
864 1064 991 1125 tendant
1008 1065 1047 1123 ad
1059 1064 1206 1141 majorem

98 1174 364 1250 diuturnioremque
378 1173 582 1233 confusionem
598 1175 629 1232 et
643 1172 859 1245 vastationem,
881 1192 972 1249 quam
986 1175 1022 1232 ut
1037 1172 1105 1234 finis
1119 1173 1207 1234 malis
1251 1159 1257 1164 ’

98 1283 198 1344 nostris
228 1284 420 1360 imponatur,
452 1283 532 1342 unde
553 1283 677 1359 colligo,
705 1281 820 1358 judicio
842 1281 899 1342 Dei
921 1282 1055 1342 nondum
1076 1300 1139 1342 esse
1161 1301 1208 1342 sa·

98 1392 253 1452 lislaolum.
295 1390 408 1468 Scripsi
430 1409 491 1450 non
512 1391 558 1450 ita
578 1409 675 1468 nuper
695 1390 799 1450 literas
821 1390 860 1448 ad
881 1391 1048 1467 praesidem
1069 1393 1207 1451 nostrum

97 1500 216 1577 Aysma,
238 1520 314 1578 quas
336 1501 383 1560 his
405 1501 568 1578 adjungere
590 1498 687 1574 volui,
711 1499 737 1559 si
758 1499 835 1560 forte
856 1501 891 1560 tu
913 1519 961 1558 mo
982 1519 1073 1576 supor
1092 1499 1139 1558 his
1160 1519 1208 1559 ra-

95 1610 168 1670 tiono
198 1611 315 1687 patriae
346 1615 465 1670 vestrae
497 1628 591 1686 aequo
624 1610 699 1668 beno
732 1609 883 1668 instruere
914 1609 1036 1685 potoris.
1079 1609 1207 1669 llasdem

97 1718 180 1777 ctiam
202 1719 241 1777 ad
261 1718 415 1777 dominum
437 1717 565 1798 Mylium
586 1717 656 1776 misi
679 1698 746 1793 pari
758 1718 794 1777 de
810 1736 908 1777 causa.
950 1717 1052 1777 Multa
1066 1736 1206 1794 magnam

95 1826 162 1885 mihi
196 1845 299 1886 curam
331 1830 361 1885 ct
382 1826 602 1887 solicitudinem
625 1824 781 1898 adferunt,
804 1845 880 1904 quae
898 1825 996 1884 literis
1020 1826 1207 1885 committere

96 1955 151 1995 non
172 1936 275 1995 audeo.
317 1935 453 1995 Indictus
479 1939 525 1995 est
546 1939 712 1997 convontus
736 1934 859 2010 imperii
886 1935 924 1994 ad
945 1935 1072 1994 Laetare
1088 1934 1128 2009 1),
1155 1934 1208 1993 scd

94 2044 176 2104 nimis
208 2064 273 2105 sero
301 2065 355 2120 pro
385 2045 481 2105 nobis.
522 2045 589 2104 Imo
616 2064 703 2106 omne
726 2047 839 2104 malum
863 2045 933 2104 inde
959 2046 1100 2121 expecto,
1121 2047 1204 2121 post-

96 2172 180 2232 quam
204 2155 342 2234 Belgium
366 2155 399 2214 in
420 2173 485 2215 cam
506 2158 623 2232 partem
645 2175 674 2216 ac
698 2156 906 2217 declaraverit.
947 2155 975 2214 A
997 2155 1060 2214 solo
1080 2155 1143 2212 Doo
1158 2173 1207 2212 ox-

96 2265 177 2338 pecto
198 2264 277 2323 unde
298 2262 384 2324 nobis
406 2263 553 2324 auxilium
572 2264 760 2326 immissurus
781 2266 831 2324 sit.
882 2295 884 2300 v

132 2372 292 2433 Dominum
322 2372 494 2433 Vritzcrum
525 2374 622 2434 adhuc
651 2373 684 2433 in
705 2375 783 2436 vivis
806 2393 869 2434 esse
896 2374 1012 2452 gaudeo
1019 2373 1202 2462 ,shabccque

96 2481 203 2557 optimo
234 2484 266 2542 ot
296 2483 499 2544 eruditissimo
523 2483 589 2544 viro
609 2483 722 2562 gratias
744 2503 798 2560 pro
820 2483 937 2560 lavore,
959 2505 1047 2564 quem
1069 2484 1101 2544 in
1121 2501 1200 2542 com-

94 2590 269 2651 municando
291 2592 415 2652 consilio
437 2610 490 2652 suo
511 2595 575 2652 tam
589 2597 726 2669 prompte
741 2591 826 2652 offert
839 2591 922 2652 mihi.
965 2592 1104 2669 Calculus
1119 2610 1202 2651 meus

94 2719 195 2759 renum
216 2702 262 2760 cst
282 2718 343 2760 non
363 2700 494 2773 uesicae,
525 2700 622 2776 lapilli
648 2701 700 2779 qui
722 2704 833 2761 exeunt
852 2701 938 2760 rubri
959 2705 1047 2775 sunt,
1063 2701 1113 2762 sed
1127 2701 1199 2779 quia

95 2806 262 2868 difficillime
294 2828 312 2867 a
343 2809 459 2870 duobus
483 2811 598 2868 aestate
629 2809 795 2885 praeterita
824 2808 971 2870 liberatus
1006 2809 1066 2883 fui,
1094 2811 1200 2870 horreo

93 2919 129 2979 ab
148 2919 317 2998 hujusmodi
339 2919 492 2992 remediis,
513 2935 588 2998 quac
609 2918 755 2996 frangunt
776 2938 861 2993 eum,
881 2937 919 2979 ne
941 2917 1019 2979 lorte
1040 2918 1072 2978 in
1085 2922 1203 2980 meatus

93 3030 192 3091 veniat
212 3029 337 3109 aliquis,
360 3029 412 3108 qni
436 3027 620 3107 pertransire
646 3028 753 3089 deinde
773 3007 955 3108 nequeat‘et
977 3010 1121 3111 dissuasit
1141 3048 1203 3089 me-

94 3138 173 3198 dicus
192 3158 276 3198 meus
295 3137 490 3210 Dodonaeas,
512 3137 563 3217 qui
584 3155 665 3198 nunc
686 3137 881 3214 Antwerpiae
903 3137 976 3215 agit.
1017 3136 1083 3196 Hac
1097 3136 1204 3214 hyeme

93 3247 246 3325 praecipue
273 3247 418 3307 maximos
451 3247 572 3306 ardores
603 3265 709 3307 renum
735 3246 828 3306 habui
849 3250 880 3308 et
900 3246 997 3306 adhuc
1018 3245 1113 3305 habeo
1134 3265 1204 3306 con-

92 3357 201 3432 junctis
234 3358 365 3418 laterum
396 3357 565 3431 doloribus,
597 3358 693 3432 maior
722 3359 825 3416 tamen
856 3356 942 3416 dolor
974 3359 1020 3416 oet
1046 3355 1079 3414 in
1100 3355 1205 3415 dextro

95 3485 180 3546 quam
211 3465 244 3526 in
275 3465 414 3538 sinistro,
445 3466 516 3526 licet
544 3466 578 3525 in
597 3466 653 3526 hoc
674 3465 774 3526 minus
795 3465 946 3544 quiescere
966 3465 1014 3527 uel
1034 3464 1205 3525 incumbere

95 3595 207 3655 queam.
248 3574 325 3647 Quia
349 3576 386 3636 de
410 3574 457 3635 die
478 3577 558 3635 stare
579 3575 745 3654 plerunque
768 3576 849 3637 soleo
869 3575 969 3636 minus
984 3575 1095 3637 doloris
1108 3577 1205 3638 sentio

95 3687 142 3746 sed
161 3689 265 3746 noctes
287 3685 361 3745 mihi
380 3685 525 3745 molestae
550 3687 581 3744 et
601 3702 708 3763 graves
730 3687 818 3759 sunt,
839 3688 871 3746 ot
892 3685 931 3744 ad
951 3690 1104 3763 torporem
1117 3685 1205 3746 valde

93 3813 253 3873 propensus
289 3815 365 3856 snm.
417 3795 454 3855 In
481 3795 543 3856 dios
567 3795 663 3856 effluit
684 3795 826 3856 materies
848 3797 1008 3875 quaedam,
1030 3815 1120 3876 quarn
1140 3815 1204 3854 ma-

94 3904 195 3964 tricem
226 3903 334 3964 oalculi
364 3903 538 3977 nominant,
570 3922 658 3980 saepe
690 3903 781 3965 etiam
813 3904 921 3964 rubrae
946 3923 1062 3964 arenae.
1103 3903 1204 3964 Habes

94 4011 221 4074 breviter
241 4012 355 4072 malum
375 4032 484 4074 meum.
525 4013 604 4074 Utor
625 4013 696 4075 vino
718 4013 899 4088 Mosellano,
920 4013 1000 4089 quod
1021 4013 1108 4073 valde
1129 4015 1204 4073 mihi

95 4122 223 4182 conferre
249 4122 346 4185 video.
386 4123 468 4182 Illud
496 4124 579 4184 diluo
608 4122 711 4200 aliqua
745 4142 824 4203 aqua
853 4122 1045 4200 petroselina.
1103 4122 1204 4200 Hujus

95 4232 183 4292 etiam
202 4231 353 4294 radicibus
375 4251 492 4311 semper
513 4235 594 4294 inter
615 4234 763 4294 edendum
784 4236 863 4294 utor.
905 4232 996 4292 Sumo
1018 4233 1106 4293 etiam
1129 4251 1204 4293 non·

94 4342 166 4402 nihil
185 4342 333 4420 quaedam
353 4344 392 4405 ad
406 4344 644 4421 impediendum,
666 4363 705 4404 ne
724 4347 839 4406 crescat
853 4343 985 4405 calculus
999 4344 1041 4421 2).
1081 4342 1203 4402 Domini

124 4509 149 4574 1)
183 4509 212 4558 aa
230 4508 404 4561 Macrz1582.

124 4603 149 4667 2)
183 4602 235 4654 Von
251 4607 309 4656 utor
325 4619 356 4654 au
373 4603 406 4654 iet
423 4603 610 4670 cigcuh'dudigcr
627 4604 713 4656 Zuscta
736 4619 775 4656 am
795 4604 885 4657 Raude.
