<?xml version="1.0" encoding="UTF-8"?>
<!DOCTYPE html PUBLIC "-//W3C//DTD XHTML 1.0 Transitional//EN"
    "http://www.w3.org/TR/xhtml1/DTD/xhtml1-transitional.dtd">
<html xmlns="http://www.w3.org/1999/xhtml" xml:lang="en" lang="en">
 <head>
  <title>
</title>
<meta http-equiv="Content-Type" content="text/html;charset=utf-8" />
  <meta name='ocr-system' content='tesseract 3.04.00' />
  <meta name='ocr-capabilities' content='ocr_page ocr_carea ocr_par ocr_line ocrx_word'/>
</head>
<body>
  <div class='ocr_page' id='page_1' title='image "./briefedesaggaeu00ackegoog_0075.png"; bbox 0 0 3028 5348; ppageno 0'>
   <div class='ocr_carea' id='block_1_1' title="bbox 313 530 1017 592">
    <p class='ocr_par' dir='ltr' id='par_1_1' title="bbox 313 530 1017 592">
     <span class='ocr_line' id='line_1_1' title="bbox 313 530 1017 592; baseline 0.006 -11"><span class='ocrx_word' id='word_1_1' title='bbox 313 530 353 592; x_wconf 79' lang='grc'>46</span> <span class='ocrx_word' id='word_1_2' title='bbox 732 541 868 586; x_wconf 70' lang='lat' dir='ltr'>AGGAEUS</span> <span class='ocrx_word' id='word_1_3' title='bbox 889 539 1017 586; x_wconf 66' lang='lat' dir='ltr'>afflans.</span> 
     </span>
    </p>
   </div>
   <div class='ocr_carea' id='block_1_2' title="bbox 314 703 1431 3182">
    <p class='ocr_par' dir='ltr' id='par_1_2' title="bbox 314 703 1431 3182">
     <span class='ocr_line' id='line_1_2' title="bbox 318 703 1427 783; baseline -0.003 -15"><span class='ocrx_word' id='word_1_4' title='bbox 318 708 373 768; x_wconf 88' lang='lat' dir='ltr'>has</span> <span class='ocrx_word' id='word_1_5' title='bbox 396 707 507 768; x_wconf 88' lang='lat' dir='ltr'>alteras</span> <span class='ocrx_word' id='word_1_6' title='bbox 520 707 602 783; x_wconf 88' lang='lat' dir='ltr'>passi</span> <span class='ocrx_word' id='word_1_7' title='bbox 615 705 763 778; x_wconf 75' lang='lat' dir='ltr'>fuissetis,</span> <span class='ocrx_word' id='word_1_8' title='bbox 788 706 819 764; x_wconf 94' lang='lat' dir='ltr'>et</span> <span class='ocrx_word' id='word_1_9' title='bbox 839 703 969 781; x_wconf 88' lang='lat' dir='ltr'>reliquas</span> <span class='ocrx_word' id='word_1_10' title='bbox 989 704 1081 764; x_wconf 91' lang='lat' dir='ltr'>ctiam</span> <span class='ocrx_word' id='word_1_11' title='bbox 1103 706 1205 765; x_wconf 78' lang='lat' dir='ltr'>omues</span> <span class='ocrx_word' id='word_1_12' title='bbox 1227 705 1334 764; x_wconf 80' lang='lat' dir='ltr'>literas</span> <span class='ocrx_word' id='word_1_13' title='bbox 1352 722 1427 765; x_wconf 90' lang='lat' dir='ltr'>meas</span> 
     </span>
     <span class='ocr_line' id='line_1_3' title="bbox 314 812 1428 890; baseline -0.004 -14"><span class='ocrx_word' id='word_1_14' title='bbox 314 815 347 876; x_wconf 91' lang='lat' dir='ltr'>in</span> <span class='ocrx_word' id='word_1_15' title='bbox 368 815 511 876; x_wconf 86' lang='lat' dir='ltr'>notitiam</span> <span class='ocrx_word' id='word_1_16' title='bbox 534 818 708 876; x_wconf 87' lang='lat' dir='ltr'>nostrorum</span> <span class='ocrx_word' id='word_1_17' title='bbox 736 813 892 875; x_wconf 88' lang='lat' dir='ltr'>hominum</span> <span class='ocrx_word' id='word_1_18' title='bbox 912 813 1083 889; x_wconf 90' lang='lat' dir='ltr'>pervenire,</span> <span class='ocrx_word' id='word_1_19' title='bbox 1113 814 1150 873; x_wconf 92' lang='lat' dir='ltr'>ut</span> <span class='ocrx_word' id='word_1_20' title='bbox 1169 812 1322 887; x_wconf 89' lang='lat' dir='ltr'>viderent,</span> <span class='ocrx_word' id='word_1_21' title='bbox 1344 831 1428 890; x_wconf 88' lang='lat' dir='ltr'>quae-</span> 
     </span>
     <span class='ocr_line' id='line_1_4' title="bbox 317 921 1428 999; baseline -0.005 -14"><span class='ocrx_word' id='word_1_22' title='bbox 317 943 389 985; x_wconf 90' lang='lat' dir='ltr'>nam</span> <span class='ocrx_word' id='word_1_23' title='bbox 423 924 539 999; x_wconf 89' lang='lat' dir='ltr'>patriae</span> <span class='ocrx_word' id='word_1_24' title='bbox 571 942 655 984; x_wconf 92' lang='lat' dir='ltr'>meae</span> <span class='ocrx_word' id='word_1_25' title='bbox 687 922 910 983; x_wconf 87' lang='lat' dir='ltr'>consuluissem.</span> <span class='ocrx_word' id='word_1_26' title='bbox 964 923 1028 999; x_wconf 81' lang='lat' dir='ltr'>Ego</span> <span class='ocrx_word' id='word_1_27' title='bbox 1048 921 1177 999; x_wconf 81' lang='lat' dir='ltr'>ingenue</span> <span class='ocrx_word' id='word_1_28' title='bbox 1196 939 1258 981; x_wconf 93' lang='lat' dir='ltr'>non</span> <span class='ocrx_word' id='word_1_29' title='bbox 1278 922 1359 998; x_wconf 87' lang='lat' dir='ltr'>apud</span> <span class='ocrx_word' id='word_1_30' title='bbox 1382 939 1428 983; x_wconf 89' lang='lat' dir='ltr'>vos</span> 
     </span>
     <span class='ocr_line' id='line_1_5' title="bbox 318 1029 1428 1107; baseline -0.005 -14"><span class='ocrx_word' id='word_1_31' title='bbox 318 1033 414 1094; x_wconf 89' lang='lat' dir='ltr'>solum</span> <span class='ocrx_word' id='word_1_32' title='bbox 436 1033 580 1092; x_wconf 90' lang='lat' dir='ltr'>confiteor</span> <span class='ocrx_word' id='word_1_33' title='bbox 601 1031 652 1092; x_wconf 89' lang='lat' dir='ltr'>sed</span> <span class='ocrx_word' id='word_1_34' title='bbox 676 1034 707 1091; x_wconf 92' lang='lat' dir='ltr'>et</span> <span class='ocrx_word' id='word_1_35' title='bbox 728 1031 776 1090; x_wconf 89' lang='lat' dir='ltr'>hic</span> <span class='ocrx_word' id='word_1_36' title='bbox 796 1029 829 1089; x_wconf 93' lang='lat' dir='ltr'>in</span> <span class='ocrx_word' id='word_1_37' title='bbox 849 1029 956 1089; x_wconf 83' lang='lat' dir='ltr'>faciem</span> <span class='ocrx_word' id='word_1_38' title='bbox 976 1029 1155 1091; x_wconf 85' lang='lat' dir='ltr'>adversariis</span> <span class='ocrx_word' id='word_1_39' title='bbox 1175 1029 1288 1089; x_wconf 89' lang='lat' dir='ltr'>uostris</span> <span class='ocrx_word' id='word_1_40' title='bbox 1310 1030 1378 1093; x_wconf 90' lang='lat' dir='ltr'>dico</span> <span class='ocrx_word' id='word_1_41' title='bbox 1393 1031 1428 1107; x_wconf 82' lang='lat'>1),</span> 
     </span>
     <span class='ocr_line' id='line_1_6' title="bbox 315 1133 1428 1217; baseline -0.004 -15"><span class='ocrx_word' id='word_1_42' title='bbox 315 1161 362 1202; x_wconf 93' lang='lat' dir='ltr'>me</span> <span class='ocrx_word' id='word_1_43' title='bbox 397 1142 542 1203; x_wconf 87' lang='lat' dir='ltr'>detestari</span> <span class='ocrx_word' id='word_1_44' title='bbox 576 1141 710 1202; x_wconf 90' lang='lat' dir='ltr'>omnium</span> <span class='ocrx_word' id='word_1_45' title='bbox 741 1141 864 1200; x_wconf 86' lang='lat' dir='ltr'>illorum</span> <span class='ocrx_word' id='word_1_46' title='bbox 884 1133 1028 1214; x_wconf 88' lang='lat' dir='ltr'>conatus,</span> <span class='ocrx_word' id='word_1_47' title='bbox 1060 1139 1113 1217; x_wconf 90' lang='lat' dir='ltr'>qui</span> <span class='ocrx_word' id='word_1_48' title='bbox 1135 1139 1184 1199; x_wconf 84' lang='lat' dir='ltr'>rel</span> <span class='ocrx_word' id='word_1_49' title='bbox 1208 1139 1359 1215; x_wconf 89' lang='lat' dir='ltr'>Hispanos</span> <span class='ocrx_word' id='word_1_50' title='bbox 1385 1139 1428 1200; x_wconf 87' lang='lat' dir='ltr'>vel</span> 
     </span>
     <span class='ocr_line' id='line_1_7' title="bbox 318 1248 1429 1324; baseline 0.001 -15"><span class='ocrx_word' id='word_1_51' title='bbox 318 1250 570 1322; x_wconf 88' lang='lat' dir='ltr'>malaconteutos,</span> <span class='ocrx_word' id='word_1_52' title='bbox 592 1250 703 1310; x_wconf 78' lang='lat' dir='ltr'>iratres</span> <span class='ocrx_word' id='word_1_53' title='bbox 725 1269 843 1323; x_wconf 89' lang='lat' dir='ltr'>eorum,</span> <span class='ocrx_word' id='word_1_54' title='bbox 865 1249 897 1308; x_wconf 93' lang='lat' dir='ltr'>iu</span> <span class='ocrx_word' id='word_1_55' title='bbox 921 1248 1051 1324; x_wconf 88' lang='lat' dir='ltr'>patriam</span> <span class='ocrx_word' id='word_1_56' title='bbox 1075 1250 1211 1308; x_wconf 85' lang='lat' dir='ltr'>nostram</span> <span class='ocrx_word' id='word_1_57' title='bbox 1224 1248 1365 1310; x_wconf 77' lang='lat' dir='ltr'>reducere</span> <span class='ocrx_word' id='word_1_58' title='bbox 1381 1252 1429 1310; x_wconf 89' lang='lat' dir='ltr'>aut</span> 
     </span>
     <span class='ocr_line' id='line_1_8' title="bbox 316 1357 1428 1435; baseline -0.001 -16"><span class='ocrx_word' id='word_1_59' title='bbox 316 1360 463 1420; x_wconf 78' lang='lat' dir='ltr'>adducere</span> <span class='ocrx_word' id='word_1_60' title='bbox 484 1363 646 1430; x_wconf 86' lang='lat' dir='ltr'>conantur,</span> <span class='ocrx_word' id='word_1_61' title='bbox 667 1362 699 1419; x_wconf 92' lang='lat' dir='ltr'>et</span> <span class='ocrx_word' id='word_1_62' title='bbox 723 1361 870 1435; x_wconf 81' lang='lat' dir='ltr'>quantum</span> <span class='ocrx_word' id='word_1_63' title='bbox 894 1358 1018 1419; x_wconf 90' lang='lat' dir='ltr'>consilio</span> <span class='ocrx_word' id='word_1_64' title='bbox 1042 1361 1072 1417; x_wconf 90' lang='lat' dir='ltr'>et</span> <span class='ocrx_word' id='word_1_65' title='bbox 1096 1357 1203 1433; x_wconf 88' lang='lat' dir='ltr'>opibus</span> <span class='ocrx_word' id='word_1_66' title='bbox 1224 1377 1364 1434; x_wconf 89' lang='lat' dir='ltr'>possum,</span> <span class='ocrx_word' id='word_1_67' title='bbox 1386 1378 1428 1418; x_wconf 87' lang='lat' dir='ltr'>me</span> 
     </span>
     <span class='ocr_line' id='line_1_9' title="bbox 317 1467 1427 1544; baseline -0.001 -15"><span class='ocrx_word' id='word_1_68' title='bbox 317 1468 394 1529; x_wconf 86' lang='lat' dir='ltr'>velle</span> <span class='ocrx_word' id='word_1_69' title='bbox 415 1467 475 1527; x_wconf 87' lang='lat' dir='ltr'>illis</span> <span class='ocrx_word' id='word_1_70' title='bbox 490 1469 636 1530; x_wconf 84' lang='lat' dir='ltr'>resistere.</span> <span class='ocrx_word' id='word_1_71' title='bbox 678 1469 727 1528; x_wconf 87' lang='lat' dir='ltr'>Ad</span> <span class='ocrx_word' id='word_1_72' title='bbox 748 1469 827 1544; x_wconf 89' lang='lat' dir='ltr'>quod</span> <span class='ocrx_word' id='word_1_73' title='bbox 852 1471 953 1529; x_wconf 84' lang='lat' dir='ltr'>movet</span> <span class='ocrx_word' id='word_1_74' title='bbox 973 1487 1021 1528; x_wconf 92' lang='lat' dir='ltr'>me</span> <span class='ocrx_word' id='word_1_75' title='bbox 1046 1470 1112 1527; x_wconf 91' lang='lat' dir='ltr'>tum</span> <span class='ocrx_word' id='word_1_76' title='bbox 1135 1468 1231 1528; x_wconf 88' lang='lat' dir='ltr'>honor</span> <span class='ocrx_word' id='word_1_77' title='bbox 1252 1467 1308 1528; x_wconf 90' lang='lat' dir='ltr'>Dei</span> <span class='ocrx_word' id='word_1_78' title='bbox 1332 1471 1364 1529; x_wconf 93' lang='lat' dir='ltr'>et</span> <span class='ocrx_word' id='word_1_79' title='bbox 1381 1487 1427 1530; x_wconf 83' lang='lat' dir='ltr'>vo·</span> 
     </span>
     <span class='ocr_line' id='line_1_10' title="bbox 317 1576 1427 1656; baseline 0.002 -20"><span class='ocrx_word' id='word_1_80' title='bbox 317 1578 419 1637; x_wconf 88' lang='lat' dir='ltr'>luntas</span> <span class='ocrx_word' id='word_1_81' title='bbox 438 1576 533 1654; x_wconf 90' lang='lat' dir='ltr'>ipsius</span> <span class='ocrx_word' id='word_1_82' title='bbox 554 1596 706 1656; x_wconf 84' lang='lat' dir='ltr'>expressa,</span> <span class='ocrx_word' id='word_1_83' title='bbox 721 1580 795 1652; x_wconf 64' lang='lat' dir='ltr'>,tum</span> <span class='ocrx_word' id='word_1_84' title='bbox 811 1577 934 1654; x_wconf 85' lang='lat' dir='ltr'>justitia</span> <span class='ocrx_word' id='word_1_85' title='bbox 959 1596 1096 1653; x_wconf 79' lang='lat' dir='ltr'>caussae,</span> <span class='ocrx_word' id='word_1_86' title='bbox 1119 1597 1210 1654; x_wconf 88' lang='lat' dir='ltr'>quam</span> <span class='ocrx_word' id='word_1_87' title='bbox 1230 1579 1362 1638; x_wconf 88' lang='lat' dir='ltr'>tuemur.</span> <span class='ocrx_word' id='word_1_88' title='bbox 1389 1577 1427 1640; x_wconf 90' lang='lat' dir='ltr'>De</span> 
     </span>
     <span class='ocr_line' id='line_1_11' title="bbox 317 1686 1425 1764; baseline 0.001 -19"><span class='ocrx_word' id='word_1_89' title='bbox 317 1686 372 1746; x_wconf 87' lang='lat' dir='ltr'>hae</span> <span class='ocrx_word' id='word_1_90' title='bbox 396 1687 548 1747; x_wconf 88' lang='lat' dir='ltr'>sententia</span> <span class='ocrx_word' id='word_1_91' title='bbox 571 1707 638 1748; x_wconf 88' lang='lat' dir='ltr'>mec</span> <span class='ocrx_word' id='word_1_92' title='bbox 658 1688 750 1747; x_wconf 89' lang='lat' dir='ltr'>latius</span> <span class='ocrx_word' id='word_1_93' title='bbox 775 1705 810 1748; x_wconf 84' lang='lat' dir='ltr'>ex</span> <span class='ocrx_word' id='word_1_94' title='bbox 832 1688 986 1764; x_wconf 89' lang='lat' dir='ltr'>protocolo</span> <span class='ocrx_word' id='word_1_95' title='bbox 1010 1690 1129 1760; x_wconf 89' lang='lat' dir='ltr'>nostro,</span> <span class='ocrx_word' id='word_1_96' title='bbox 1162 1686 1242 1764; x_wconf 92' lang='lat' dir='ltr'>quod</span> <span class='ocrx_word' id='word_1_97' title='bbox 1267 1688 1333 1763; x_wconf 91' lang='lat' dir='ltr'>jam</span> <span class='ocrx_word' id='word_1_98' title='bbox 1357 1687 1425 1747; x_wconf 79' lang='lat' dir='ltr'>Aut</span> 
     </span>
     <span class='ocr_line' id='line_1_12' title="bbox 318 1773 1429 1874; baseline 0.001 -20"><span class='ocrx_word' id='word_1_99' title='bbox 318 1793 445 1870; x_wconf 85' lang='lat' dir='ltr'>werpiac</span> <span class='ocrx_word' id='word_1_100' title='bbox 476 1814 529 1871; x_wconf 91' lang='lat' dir='ltr'>per</span> <span class='ocrx_word' id='word_1_101' title='bbox 560 1795 736 1856; x_wconf 77' lang='lat' dir='ltr'>Plautinum</span> <span class='ocrx_word' id='word_1_102' title='bbox 766 1794 943 1873; x_wconf 88' lang='lat' dir='ltr'>impressum</span> <span class='ocrx_word' id='word_1_103' title='bbox 972 1773 1118 1869; x_wconf 83' lang='lat' dir='ltr'>arbitror,</span> <span class='ocrx_word' id='word_1_104' title='bbox 1151 1797 1346 1874; x_wconf 84' lang='lat' dir='ltr'>cognoscetis.</span> <span class='ocrx_word' id='word_1_105' title='bbox 1397 1796 1429 1855; x_wconf 87' lang='lat' dir='ltr'>Iu</span> 
     </span>
     <span class='ocr_line' id='line_1_13' title="bbox 318 1903 1430 1982; baseline 0.001 -19"><span class='ocrx_word' id='word_1_106' title='bbox 318 1921 449 1979; x_wconf 88' lang='lat' dir='ltr'>summa,</span> <span class='ocrx_word' id='word_1_107' title='bbox 471 1903 497 1964; x_wconf 89' lang='lat' dir='ltr'>si</span> <span class='ocrx_word' id='word_1_108' title='bbox 517 1904 778 1978; x_wconf 74' lang='lat' dir='ltr'>circumstantiae,</span> <span class='ocrx_word' id='word_1_109' title='bbox 800 1905 926 1981; x_wconf 86' lang='grc'>111112)</span> <span class='ocrx_word' id='word_1_110' title='bbox 952 1904 1133 1965; x_wconf 85' lang='grc'>1111111111</span> <span class='ocrx_word' id='word_1_111' title='bbox 1154 1923 1237 1964; x_wconf 88' lang='lat' dir='ltr'>meae</span> <span class='ocrx_word' id='word_1_112' title='bbox 1258 1924 1312 1982; x_wconf 88' lang='lat' dir='ltr'>per</span> <span class='ocrx_word' id='word_1_113' title='bbox 1334 1925 1430 1964; x_wconf 89' lang='lat' dir='ltr'>omues</span> 
     </span>
     <span class='ocr_line' id='line_1_14' title="bbox 318 2010 1430 2091; baseline 0.001 -20"><span class='ocrx_word' id='word_1_114' title='bbox 318 2010 421 2072; x_wconf 86' lang='lat' dir='ltr'>literas</span> <span class='ocrx_word' id='word_1_115' title='bbox 443 2032 524 2074; x_wconf 89' lang='lat' dir='ltr'>meas</span> <span class='ocrx_word' id='word_1_116' title='bbox 545 2011 785 2089; x_wconf 87' lang='lat' dir='ltr'>considerentur,</span> <span class='ocrx_word' id='word_1_117' title='bbox 817 2033 903 2074; x_wconf 91' lang='lat' dir='ltr'>nemo</span> <span class='ocrx_word' id='word_1_118' title='bbox 925 2031 1029 2074; x_wconf 88' lang='lat' dir='ltr'>amans</span> <span class='ocrx_word' id='word_1_119' title='bbox 1049 2014 1156 2074; x_wconf 90' lang='lat' dir='ltr'>salutis</span> <span class='ocrx_word' id='word_1_120' title='bbox 1177 2014 1293 2091; x_wconf 86' lang='lat' dir='ltr'>patriae</span> <span class='ocrx_word' id='word_1_121' title='bbox 1314 2017 1430 2075; x_wconf 90' lang='lat' dir='ltr'>nostrae</span> 
     </span>
     <span class='ocr_line' id='line_1_15' title="bbox 319 2121 1430 2200; baseline 0.002 -18"><span class='ocrx_word' id='word_1_122' title='bbox 319 2121 444 2182; x_wconf 89' lang='lat' dir='ltr'>consilia</span> <span class='ocrx_word' id='word_1_123' title='bbox 464 2142 531 2183; x_wconf 92' lang='lat' dir='ltr'>mea</span> <span class='ocrx_word' id='word_1_124' title='bbox 552 2123 746 2200; x_wconf 86' lang='lat' dir='ltr'>vituperabit.</span> <span class='ocrx_word' id='word_1_125' title='bbox 788 2123 906 2200; x_wconf 89' lang='lat' dir='ltr'>Oroque</span> <span class='ocrx_word' id='word_1_126' title='bbox 928 2124 1039 2200; x_wconf 88' lang='lat' dir='ltr'>Deum,</span> <span class='ocrx_word' id='word_1_127' title='bbox 1062 2125 1243 2198; x_wconf 81' lang='grc'>1111111111,</span> <span class='ocrx_word' id='word_1_128' title='bbox 1258 2127 1430 2186; x_wconf 87' lang='lat' dir='ltr'>necventus</span> 
     </span>
     <span class='ocr_line' id='line_1_16' title="bbox 318 2232 1429 2311; baseline 0.002 -19"><span class='ocrx_word' id='word_1_129' title='bbox 318 2232 491 2309; x_wconf 89' lang='lat' dir='ltr'>comprobet</span> <span class='ocrx_word' id='word_1_130' title='bbox 521 2232 611 2294; x_wconf 93' lang='lat' dir='ltr'>nimis</span> <span class='ocrx_word' id='word_1_131' title='bbox 643 2253 728 2307; x_wconf 88' lang='lat' dir='ltr'>vere,</span> <span class='ocrx_word' id='word_1_132' title='bbox 759 2252 805 2294; x_wconf 90' lang='lat' dir='ltr'>me</span> <span class='ocrx_word' id='word_1_133' title='bbox 837 2234 978 2311; x_wconf 87' lang='lat' dir='ltr'>pleraque</span> <span class='ocrx_word' id='word_1_134' title='bbox 1002 2234 1086 2295; x_wconf 91' lang='lat' dir='ltr'>vobis</span> <span class='ocrx_word' id='word_1_135' title='bbox 1107 2234 1252 2295; x_wconf 88' lang='lat' dir='ltr'>indicasse</span> <span class='ocrx_word' id='word_1_136' title='bbox 1274 2237 1305 2296; x_wconf 88' lang='lat' dir='ltr'>et</span> <span class='ocrx_word' id='word_1_137' title='bbox 1328 2255 1429 2296; x_wconf 89' lang='lat' dir='ltr'>cousu-</span> 
     </span>
     <span class='ocr_line' id='line_1_17' title="bbox 319 2341 1430 2420; baseline 0.003 -20"><span class='ocrx_word' id='word_1_138' title='bbox 319 2341 420 2401; x_wconf 89' lang='lat' dir='ltr'>luisse.</span> <span class='ocrx_word' id='word_1_139' title='bbox 461 2341 527 2402; x_wconf 92' lang='lat' dir='ltr'>Hoc</span> <span class='ocrx_word' id='word_1_140' title='bbox 548 2341 627 2420; x_wconf 89' lang='lat' dir='ltr'>quod</span> <span class='ocrx_word' id='word_1_141' title='bbox 644 2341 694 2401; x_wconf 92' lang='lat' dir='ltr'>hic</span> <span class='ocrx_word' id='word_1_142' title='bbox 718 2341 831 2414; x_wconf 91' lang='lat' dir='ltr'>scribo,</span> <span class='ocrx_word' id='word_1_143' title='bbox 854 2341 942 2417; x_wconf 90' lang='lat' dir='ltr'>cupio</span> <span class='ocrx_word' id='word_1_144' title='bbox 967 2341 1027 2402; x_wconf 87' lang='lat' dir='ltr'>illis</span> <span class='ocrx_word' id='word_1_145' title='bbox 1048 2360 1224 2418; x_wconf 88' lang='lat' dir='ltr'>responsum</span> <span class='ocrx_word' id='word_1_146' title='bbox 1246 2345 1278 2402; x_wconf 97' lang='grc'>11</span> <span class='ocrx_word' id='word_1_147' title='bbox 1302 2361 1430 2403; x_wconf 90' lang='lat' dir='ltr'>eommu-</span> 
     </span>
     <span class='ocr_line' id='line_1_18' title="bbox 319 2448 1430 2529; baseline 0.001 -20"><span class='ocrx_word' id='word_1_148' title='bbox 319 2449 468 2522; x_wconf 90' lang='lat' dir='ltr'>nicatum,</span> <span class='ocrx_word' id='word_1_149' title='bbox 491 2448 543 2528; x_wconf 89' lang='lat' dir='ltr'>qui</span> <span class='ocrx_word' id='word_1_150' title='bbox 563 2449 655 2510; x_wconf 88' lang='lat' dir='ltr'>verba</span> <span class='ocrx_word' id='word_1_151' title='bbox 675 2468 742 2509; x_wconf 89' lang='lat' dir='ltr'>mea</span> <span class='ocrx_word' id='word_1_152' title='bbox 763 2450 836 2510; x_wconf 91' lang='lat' dir='ltr'>adeo</span> <span class='ocrx_word' id='word_1_153' title='bbox 858 2451 977 2512; x_wconf 87' lang='lat' dir='ltr'>sinistre</span> <span class='ocrx_word' id='word_1_154' title='bbox 998 2451 1246 2529; x_wconf 87' lang='lat' dir='ltr'>interpretantur.</span> <span class='ocrx_word' id='word_1_155' title='bbox 1290 2451 1353 2514; x_wconf 87' lang='lat' dir='ltr'>Sed</span> <span class='ocrx_word' id='word_1_156' title='bbox 1363 2455 1430 2512; x_wconf 88' lang='lat' dir='ltr'>haec</span> 
     </span>
     <span class='ocr_line' id='line_1_19' title="bbox 319 2556 1431 2652; baseline 0.005 -35"><span class='ocrx_word' id='word_1_157' title='bbox 319 2556 404 2617; x_wconf 89' lang='lat' dir='ltr'>satis.</span> <span class='ocrx_word' id='word_1_158' title='bbox 445 2557 509 2636; x_wconf 83' lang='lat' dir='ltr'>Ego</span> <span class='ocrx_word' id='word_1_159' title='bbox 530 2576 583 2619; x_wconf 87' lang='lat' dir='ltr'>vos</span> <span class='ocrx_word' id='word_1_160' title='bbox 605 2559 787 2652; x_wconf 79' lang='lat' dir='ltr'>protectioni</span> <span class='ocrx_word' id='word_1_161' title='bbox 809 2561 840 2619; x_wconf 90' lang='lat' dir='ltr'>et</span> <span class='ocrx_word' id='word_1_162' title='bbox 860 2560 976 2638; x_wconf 78' lang='lat' dir='ltr'>gratiae</span> <span class='ocrx_word' id='word_1_163' title='bbox 1001 2559 1113 2620; x_wconf 78' lang='lat' dir='ltr'>Christi</span> <span class='ocrx_word' id='word_1_164' title='bbox 1132 2561 1221 2635; x_wconf 87' lang='lat' dir='ltr'>Jesu,</span> <span class='ocrx_word' id='word_1_165' title='bbox 1245 2563 1332 2640; x_wconf 90' lang='lat' dir='ltr'>cujus</span> <span class='ocrx_word' id='word_1_166' title='bbox 1348 2583 1431 2626; x_wconf 85' lang='lat' dir='ltr'>eausa</span> 
     </span>
     <span class='ocr_line' id='line_1_20' title="bbox 318 2667 1429 2748; baseline 0.008 -23"><span class='ocrx_word' id='word_1_167' title='bbox 318 2683 379 2725; x_wconf 90' lang='lat' dir='ltr'>una</span> <span class='ocrx_word' id='word_1_168' title='bbox 400 2667 515 2745; x_wconf 83' lang='lat' dir='ltr'>agitur,</span> <span class='ocrx_word' id='word_1_169' title='bbox 537 2669 661 2744; x_wconf 86' lang='lat' dir='ltr'>supplex</span> <span class='ocrx_word' id='word_1_170' title='bbox 684 2670 874 2745; x_wconf 87' lang='lat' dir='ltr'>commendo,</span> <span class='ocrx_word' id='word_1_171' title='bbox 895 2671 928 2730; x_wconf 90' lang='lat' dir='ltr'>in</span> <span class='ocrx_word' id='word_1_172' title='bbox 948 2671 1032 2748; x_wconf 87' lang='lat' dir='ltr'>cujus</span> <span class='ocrx_word' id='word_1_173' title='bbox 1048 2672 1156 2732; x_wconf 85' lang='lat' dir='ltr'>timore</span> <span class='ocrx_word' id='word_1_174' title='bbox 1178 2673 1271 2734; x_wconf 85' lang='lat' dir='ltr'>vivite</span> <span class='ocrx_word' id='word_1_175' title='bbox 1289 2669 1323 2735; x_wconf 80' lang='lat' dir='ltr'>et</span> <span class='ocrx_word' id='word_1_176' title='bbox 1337 2677 1429 2738; x_wconf 86' lang='lat' dir='ltr'>valete</span> 
     </span>
     <span class='ocr_line' id='line_1_21' title="bbox 319 2778 1430 2856; baseline 0.005 -18"><span class='ocrx_word' id='word_1_177' title='bbox 319 2780 351 2838; x_wconf 93' lang='lat' dir='ltr'>et</span> <span class='ocrx_word' id='word_1_178' title='bbox 372 2778 472 2837; x_wconf 90' lang='lat' dir='ltr'>omnia</span> <span class='ocrx_word' id='word_1_179' title='bbox 492 2778 573 2837; x_wconf 89' lang='lat' dir='ltr'>reete</span> <span class='ocrx_word' id='word_1_180' title='bbox 591 2781 694 2852; x_wconf 90' lang='lat' dir='ltr'>eruut;</span> <span class='ocrx_word' id='word_1_181' title='bbox 717 2779 876 2856; x_wconf 85' lang='lat' dir='ltr'>adjunctas</span> <span class='ocrx_word' id='word_1_182' title='bbox 898 2781 1002 2842; x_wconf 89' lang='lat' dir='ltr'>literas</span> <span class='ocrx_word' id='word_1_183' title='bbox 1027 2782 1226 2844; x_wconf 89' lang='lat' dir='ltr'>incontinenti</span> <span class='ocrx_word' id='word_1_184' title='bbox 1247 2788 1278 2844; x_wconf 90' lang='lat' dir='ltr'>et</span> <span class='ocrx_word' id='word_1_185' title='bbox 1304 2789 1373 2849; x_wconf 82' lang='lat' dir='ltr'>tulo</span> <span class='ocrx_word' id='word_1_186' title='bbox 1396 2787 1430 2846; x_wconf 89' lang='lat' dir='ltr'>ad</span> 
     </span>
     <span class='ocr_line' id='line_1_22' title="bbox 317 2889 1429 2972; baseline 0.007 -24"><span class='ocrx_word' id='word_1_187' title='bbox 317 2889 471 2949; x_wconf 85' lang='lat' dir='ltr'>doctorem</span> <span class='ocrx_word' id='word_1_188' title='bbox 498 2889 693 2949; x_wconf 85' lang='lat' dir='ltr'>Rembertum</span> <span class='ocrx_word' id='word_1_189' title='bbox 714 2890 843 2966; x_wconf 87' lang='lat' dir='ltr'>mittite,</span> <span class='ocrx_word' id='word_1_190' title='bbox 864 2910 901 2952; x_wconf 93' lang='lat' dir='ltr'>ue</span> <span class='ocrx_word' id='word_1_191' title='bbox 922 2892 955 2952; x_wconf 91' lang='lat' dir='ltr'>in</span> <span class='ocrx_word' id='word_1_192' title='bbox 978 2891 1069 2953; x_wconf 87' lang='grc'>11111111</span> <span class='ocrx_word' id='word_1_193' title='bbox 1091 2913 1198 2954; x_wconf 87' lang='lat' dir='ltr'>manus</span> <span class='ocrx_word' id='word_1_194' title='bbox 1222 2914 1313 2972; x_wconf 87' lang='lat' dir='ltr'>quam</span> <span class='ocrx_word' id='word_1_195' title='bbox 1336 2897 1368 2956; x_wconf 89' lang='lat' dir='ltr'>iu</span> <span class='ocrx_word' id='word_1_196' title='bbox 1387 2897 1429 2972; x_wconf 90' lang='lat' dir='ltr'>ip-</span> 
     </span>
     <span class='ocr_line' id='line_1_23' title="bbox 315 2997 1353 3060; baseline 0 -2"><span class='ocrx_word' id='word_1_197' title='bbox 315 2997 376 3058; x_wconf 89' lang='lat' dir='ltr'>sius</span> <span class='ocrx_word' id='word_1_198' title='bbox 394 2997 526 3060; x_wconf 81' lang='lat' dir='ltr'>veniant.</span> <span class='ocrx_word' id='word_1_199' title='bbox 1350 2997 1353 3005; x_wconf 86' lang='lat'>&#39;</span> 
     </span>
     <span class='ocr_line' id='line_1_24' title="bbox 356 3106 772 3182; baseline 0 -14"><span class='ocrx_word' id='word_1_200' title='bbox 356 3106 511 3182; x_wconf 81' lang='lat' dir='ltr'>Coloniae,</span> <span class='ocrx_word' id='word_1_201' title='bbox 535 3109 550 3167; x_wconf 94' lang='lat'>1</span> <span class='ocrx_word' id='word_1_202' title='bbox 572 3107 659 3168; x_wconf 84' lang='lat' dir='ltr'>Febr.</span> <span class='ocrx_word' id='word_1_203' title='bbox 684 3109 772 3168; x_wconf 84' lang='lat'>1580.</span> 
     </span>
    </p>
   </div>
   <div class='ocr_carea' id='block_1_3' title="bbox 1262 3223 1355 3284">
    <p class='ocr_par' dir='ltr' id='par_1_3' title="bbox 1262 3223 1355 3284">
     <span class='ocr_line' id='line_1_25' title="bbox 1262 3223 1355 3284; baseline 0.011 -2"><span class='ocrx_word' id='word_1_204' title='bbox 1262 3223 1298 3282; x_wconf 86' lang='grc' dir='ltr'>Α.</span> <span class='ocrx_word' id='word_1_205' title='bbox 1318 3224 1355 3284; x_wconf 85' lang='grc' dir='ltr'>Α.</span> 
     </span>
    </p>
   </div>
   <div class='ocr_carea' id='block_1_4' title="bbox 637 3813 1129 3897">
    <p class='ocr_par' dir='ltr' id='par_1_4' title="bbox 637 3813 1129 3897">
     <span class='ocr_line' id='line_1_26' title="bbox 637 3813 1129 3897; baseline 0.018 -9"><span class='ocrx_word' id='word_1_206' title='bbox 637 3829 687 3888; x_wconf 86' lang='lat' dir='ltr'>Ad</span> <span class='ocrx_word' id='word_1_207' title='bbox 704 3832 825 3891; x_wconf 80' lang='lat' dir='ltr'>comitem</span> <span class='ocrx_word' id='word_1_208' title='bbox 846 3813 1129 3897; x_wconf 76' lang='lat' dir='ltr'>unenuranucicuu.</span> 
     </span>
    </p>
   </div>
   <div class='ocr_carea' id='block_1_5' title="bbox 1039 4013 1402 4091">
    <p class='ocr_par' dir='ltr' id='par_1_5' title="bbox 1039 4013 1402 4091">
     <span class='ocr_line' id='line_1_27' title="bbox 1039 4013 1402 4091; baseline 0.025 -19"><span class='ocrx_word' id='word_1_209' title='bbox 1039 4013 1133 4090; x_wconf 76' lang='lat' dir='ltr'>rein,</span> <span class='ocrx_word' id='word_1_210' title='bbox 1156 4017 1173 4076; x_wconf 84' lang='lat'>5</span> <span class='ocrx_word' id='word_1_211' title='bbox 1195 4017 1281 4080; x_wconf 75' lang='lat' dir='ltr'>reu.</span> <span class='ocrx_word' id='word_1_212' title='bbox 1305 4021 1402 4091; x_wconf 64' lang='lat' dir='ltr'>reso„</span> 
     </span>
    </p>
   </div>
   <div class='ocr_carea' id='block_1_6' title="bbox 355 4215 1431 4414">
    <p class='ocr_par' dir='ltr' id='par_1_6' title="bbox 355 4215 1431 4414">
     <span class='ocr_line' id='line_1_28' title="bbox 357 4215 1171 4300; baseline 0.012 -24"><span class='ocrx_word' id='word_1_213' title='bbox 357 4215 563 4277; x_wconf 88' lang='lat' dir='ltr'>Illustrissime</span> <span class='ocrx_word' id='word_1_214' title='bbox 584 4234 724 4294; x_wconf 86' lang='lat' dir='ltr'>generose</span> <span class='ocrx_word' id='word_1_215' title='bbox 746 4235 858 4293; x_wconf 90' lang='lat' dir='ltr'>comcs,</span> <span class='ocrx_word' id='word_1_216' title='bbox 881 4219 1006 4281; x_wconf 86' lang='lat' dir='ltr'>Domine</span> <span class='ocrx_word' id='word_1_217' title='bbox 1027 4223 1171 4300; x_wconf 85' lang='lat' dir='ltr'>graciose.</span> 
     </span>
     <span class='ocr_line' id='line_1_29' title="bbox 355 4325 1431 4414; baseline 0.013 -29"><span class='ocrx_word' id='word_1_218' title='bbox 355 4325 440 4386; x_wconf 88' lang='lat' dir='ltr'>Varii</span> <span class='ocrx_word' id='word_1_219' title='bbox 460 4345 594 4386; x_wconf 91' lang='lat' dir='ltr'>rumores</span> <span class='ocrx_word' id='word_1_220' title='bbox 615 4330 646 4386; x_wconf 90' lang='lat' dir='ltr'>et</span> <span class='ocrx_word' id='word_1_221' title='bbox 673 4326 871 4403; x_wconf 85' lang='lat' dir='ltr'>suspiciones,</span> <span class='ocrx_word' id='word_1_222' title='bbox 903 4331 989 4406; x_wconf 87' lang='lat' dir='ltr'>quasi</span> <span class='ocrx_word' id='word_1_223' title='bbox 1012 4331 1139 4394; x_wconf 89' lang='lat' dir='ltr'>illustris</span> <span class='ocrx_word' id='word_1_224' title='bbox 1161 4335 1301 4414; x_wconf 81' lang='lat' dir='ltr'>Dignitas</span> <span class='ocrx_word' id='word_1_225' title='bbox 1325 4342 1378 4400; x_wconf 88' lang='lat' dir='ltr'>tua</span> <span class='ocrx_word' id='word_1_226' title='bbox 1401 4341 1431 4399; x_wconf 89' lang='lat' dir='ltr'>iu</span> 
     </span>
    </p>
   </div>
   <div class='ocr_carea' id='block_1_7' title="bbox 346 4551 917 4714">
    <p class='ocr_par' dir='ltr' id='par_1_7' title="bbox 346 4551 917 4714">
     <span class='ocr_line' id='line_1_30' title="bbox 347 4551 917 4617; baseline 0.002 -14"><span class='ocrx_word' id='word_1_227' title='bbox 347 4553 372 4616; x_wconf 87' lang='lat' dir='ltr'>l)</span> <span class='ocrx_word' id='word_1_228' title='bbox 406 4551 574 4617; x_wconf 82' lang='lat' dir='ltr'>Eigenh&#39;andig</span> <span class='ocrx_word' id='word_1_229' title='bbox 591 4551 707 4616; x_wconf 78' lang='lat' dir='ltr'>lorrigirt</span> <span class='ocrx_word' id='word_1_230' title='bbox 724 4567 766 4602; x_wconf 90' lang='lat' dir='ltr'>aus</span> <span class='ocrx_word' id='word_1_231' title='bbox 784 4556 917 4604; x_wconf 87' lang='lat' dir='ltr'>contestor·</span> 
     </span>
     <span class='ocr_line' id='line_1_31' title="bbox 346 4646 875 4714; baseline 0.013 -18"><span class='ocrx_word' id='word_1_232' title='bbox 346 4646 373 4712; x_wconf 77' lang='lat'>2)</span> <span class='ocrx_word' id='word_1_233' title='bbox 408 4646 575 4714; x_wconf 77' lang='lat' dir='ltr'>Eigeuh&#39;dudig</span> <span class='ocrx_word' id='word_1_234' title='bbox 592 4646 708 4713; x_wconf 68' lang='lat' dir='ltr'>corrigite</span> <span class='ocrx_word' id='word_1_235' title='bbox 726 4663 768 4700; x_wconf 88' lang='lat' dir='ltr'>aus</span> <span class='ocrx_word' id='word_1_236' title='bbox 787 4663 875 4703; x_wconf 82' lang='lat' dir='ltr'>mores.</span> 
     </span>
    </p>
   </div>
   <div class='ocr_carea' id='block_1_8' title="bbox 0 0 1526 5348">
    <p class='ocr_par' dir='ltr' id='par_1_8' title="bbox 0 0 1526 5348">
     <span class='ocr_line' id='line_1_32' title="bbox 0 0 1526 5348; baseline 0 0"><span class='ocrx_word' id='word_1_237' title='bbox 0 0 1526 5348; x_wconf 95' lang='lat' dir='ltr'> </span> 
     </span>
    </p>
   </div>
  </div>
 </body>
</html>
