3020 5360
291 483 348 550 122
708 499 842 544 umarus
862 497 991 542 auarus.

291 658 389 732 volui,
422 676 498 734 quae
529 660 565 718 ut
592 677 677 719 ame
698 660 731 720 in
752 660 862 721 bonam
882 662 1000 737 partem
1022 657 1167 734 accipias,
1188 676 1286 761 rogo?
1315 657 1417 718 Citius

293 767 325 824 in
355 769 457 842 partes
478 769 595 827 rostras
616 766 667 826 ubi
685 767 809 829 latitare
835 785 964 843 possem,
995 785 1087 843 quam
1108 785 1167 842 quc
1189 766 1313 840 suades,
1334 785 1419 825 scoe-

294 873 411 943 demm,
433 872 513 947 quod
534 871 650 932 bellicis
671 872 800 949 negotiis
821 872 966 932 interesse
986 890 1142 947 nequeam.
1166 873 1224 930 etc.

332 979 472 1040 Coloniae
493 979 531 1038 16
554 979 644 1039 llcbr.
666 979 759 1042 1583.

297 1581 345 1640 71.
515 1578 565 1638 Ad
581 1580 719 1638 darianum
743 1594 888 1637 navium
909 1592 1055 1634 sannaus
1074 1578 1201 1652 fratrem.

1023 1753 1117 1827 Koln,
1138 1755 1175 1813 12
1195 1754 1265 1817 Jan.
1289 1755 1379 1813 1583.

341 1933 486 1995 Salutem.
527 1935 572 1994 De
592 1936 689 1994 morte
710 1933 876 1993 charissimi
899 1951 934 1992 ac
954 1932 1193 2008 conjunctissimi
1205 1932 1292 1992 nobis
1313 1931 1423 1991 fratris

301 2043 334 2102 in
354 2041 473 2102 Christo
496 2041 570 2102 Jesu
590 2041 736 2101 Johannis
762 2040 890 2099 Heideni
911 2041 1042 2099 arbitror
1058 2041 1124 2115 jam
1146 2040 1261 2116 pridem
1284 2041 1344 2100 tibi
1369 2059 1426 2116 per

301 2151 425 2212 viduam
445 2151 525 2228 paris
550 2152 671 2220 sanctae
693 2149 854 2208 memoriae
876 2149 1007 2208 doctoris
1049 2148 1227 2226 Steintgen,
1252 2167 1347 2224 aqua
1363 2149 1422 2208 hoc

304 2260 401 2320 literis
431 2260 505 2320 meis
537 2260 683 2335 petieram
710 2257 913 2335 significatum
938 2277 1010 2320 esse.
1052 2257 1206 2328 Quantum
1227 2259 1362 2317 dolorem
1385 2277 1424 2317 ex

306 2370 403 2427 morte
423 2369 488 2444 ejus
508 2368 707 2444 perceperim,
729 2369 843 2443 quanto
865 2368 957 2426 etiam
977 2367 1086 2426 solatio
1111 2371 1143 2426 et
1163 2367 1275 2426 auxilio
1289 2366 1425 2426 humano

309 2477 433 2538 orbatus
461 2476 533 2550 sim,
565 2480 601 2535 tu
629 2477 708 2552 ipse,
730 2477 781 2554 qui
801 2478 849 2536 tot
870 2494 1018 2535 annorum
1039 2476 1239 2536 arctissimam
1264 2477 1425 2536 internos

308 2586 554 2646 consuetudinem
573 2585 669 2659 nosti,
686 2585 774 2644 facile
793 2585 975 2645 aestimabis.
1017 2586 1098 2645 Dum
1111 2590 1190 2646 osset
1208 2587 1240 2644 in
1257 2587 1357 2645 medio
1378 2587 1426 2644 la-

305 2694 377 2754 bore
407 2694 440 2754 in
469 2694 604 2754 Psalmos
635 2694 856 2754 commentandi
882 2695 973 2754 etiam
993 2713 1124 2771 cousque
1145 2695 1349 2771 pervenisset,
1370 2694 1425 2753 ubi

303 2803 482 2864 sanctissimi
503 2803 561 2864 viri
575 2802 612 2862 V.
624 2801 655 2862 C.
667 2806 698 2862 et
719 2802 750 2862 C.
765 2802 795 2863 S.
812 2803 841 2880 1)
863 2803 1058 2862 commentari
1079 2803 1247 2877 desiissent,
1270 2804 1349 2862 male
1367 2802 1425 2862 ha·

304 2911 374 2972 bere
395 2912 512 2990 coepit,
534 2913 572 2971 19
592 2930 663 2973 vero
684 2911 840 2971 Decembr.
861 2910 962 2988 gravis
983 2930 1051 2970 eum
1072 2913 1202 2971 laterum
1225 2912 1311 2971 dolor
1334 2931 1426 2972 occu-

306 3023 399 3099 pavit.
437 3024 581 3084 Consulto
603 3024 699 3082 altero
720 3022 767 3080 die
788 3022 902 3081 medico
924 3021 1127 3082 Birckmanno
1150 3022 1255 3082 statim
1275 3021 1322 3080 illi
1343 3039 1425 3081 vena

304 3131 401 3192 incisa
431 3131 506 3207 fuit,
537 3135 569 3192 et
599 3132 730 3192 remedio
753 3134 860 3191 contra
881 3131 1013 3190 dolorem
1034 3130 1120 3190 illum
1142 3130 1296 3204 adhibito,
1318 3132 1427 3206 postea

304 3259 459 3316 nunquam
483 3259 502 3299 a
522 3239 598 3298 febri
620 3239 697 3298 liber
717 3238 795 3313 fuit,
816 3257 907 3315 quam
923 3239 1056 3299 medicus
1070 3239 1217 3300 hecticam
1231 3239 1426 3316 appellabat;

304 3349 478 3409 continebat
506 3352 608 3408 tamen
640 3367 672 3407 se
703 3351 788 3408 extra
819 3348 952 3421 lectum,
971 3368 1026 3408 nec
1048 3349 1086 3407 ab
1105 3349 1255 3408 exercitiis
1280 3349 1342 3408 suis
1365 3349 1427 3424 piis

304 3476 341 3516 ne
364 3459 400 3516 de
420 3460 508 3517 nocte
530 3457 651 3532 quidem
671 3456 845 3516 desistebat.
899 3455 980 3514 Nam
1002 3457 1087 3516 nulla
1108 3476 1167 3516 nox
1187 3457 1247 3517 fuit
1267 3476 1364 3533 usque
1385 3459 1427 3517 ad

304 3564 432 3639 tidem,
463 3584 523 3642 qua
553 3584 615 3625 non
636 3585 666 3626 se
692 3566 730 3624 ad
752 3567 899 3625 orandum
920 3566 1069 3639 induerit,
1102 3569 1133 3627 et
1155 3567 1190 3626 de
1212 3567 1260 3625 dic
1280 3567 1427 3644 surgebat

305 3693 423 3751 semper
454 3675 629 3736 examinans
662 3678 693 3735 et
724 3675 878 3754 corrigens
910 3694 975 3736 earn
1010 3676 1183 3752 epistolam,
1205 3695 1295 3751 quam
1317 3680 1427 3736 contra

303 3783 439 3844 libellum
468 3784 625 3846 Lamberti
654 3785 769 3845 Danaci
791 3786 827 3846 de
849 3786 1024 3844 adoratione
1045 3786 1144 3844 carnis
1168 3783 1282 3846 Christi
1300 3785 1426 3863 scripsi3

307 3893 409 3970 ajebat
439 3896 513 3956 mihi
544 3896 673 3973 quodam
694 3896 742 3956 die
763 3915 794 3956 se
814 3896 992 3955 mandatum
1014 3913 1032 3954 a
1052 3893 1182 3955 Domino
1201 3893 1365 3971 accepisse,
1388 3898 1428 3955 ut

306 4003 340 4063 in
360 4022 395 4062 ea
417 4002 545 4079 epistola
574 4021 692 4062 mecum
723 4001 875 4060 laboraret
896 3999 1010 4077 sibique
1032 4018 1207 4076 persuasum
1228 3998 1314 4074 quasi
1333 4000 1429 4060 habc-

308 4112 379 4186 bat,
411 4131 443 4172 se
473 4131 527 4188 per
559 4111 646 4172 illum
677 4110 812 4170 laborem
836 4109 1040 4172 valetudinem
1061 4129 1147 4170 auam
1166 4112 1429 4186 recuperaturum.

305 4222 413 4299 Itaque
444 4240 532 4282 nemo
563 4221 650 4282 illum
672 4222 710 4280 ad
733 4222 877 4297 majorem
898 4220 1035 4297 quietem·
1058 4238 1245 4282 commovere
1270 4218 1374 4295 potuit
1396 4223 1430 4279 et

306 4331 454 4408 colloquia
474 4331 655 4404 amicornm,
687 4349 724 4390 ne
747 4331 781 4390 in
801 4348 835 4390 eo
855 4330 958 4389 labore
981 4329 1194 4405 impediretur,
1215 4327 1427 4400 detrectabat,

305 4441 416 4516 partim
448 4441 537 4500 etiam
556 4442 636 4519 quod
657 4459 730 4517 prae
749 4439 891 4500 ariditate
912 4439 1035 4515 linguae
1057 4439 1217 4498 difficulter
1238 4438 1428 4513 loqueretur.

337 4605 363 4669 l)
397 4605 541 4657 Valentinus
559 4605 701 4662 Cratoaldue
722 4605 771 4656 und
794 4605 913 4670 Casperus
934 4601 1163 4654 Schwenclrleldiua
