3028 5348
263 524 282 581 8
531 539 689 582 oiscuasus
716 539 836 582 aaran
859 538 1099 584 concrememur.

263 717 323 758 nan
342 702 480 772 dederint,
503 703 578 778 quod
595 703 717 778 reliquae
734 720 826 761 omnes
842 702 1003 777 prouinciae
1024 721 1043 759 c
1063 719 1124 779 repe
1141 701 1383 777 defeeaint,haeo

264 809 384 884 omnia,
405 809 476 885 qaia
497 809 635 869 omnibus
656 811 729 870 note
762 810 850 881 sunt,
872 826 1012 869 enarrare
1032 807 1151 868 omitto.

303 916 382 978 Sunt
412 918 504 977 etiam
531 921 622 978 notae
644 917 831 978 calamitates
856 921 887 977 et
912 917 1065 990 miseriae,
1087 935 1163 994 quae
1185 916 1382 978 defectionem

262 1025 352 1086 istam
382 1025 415 1085 in
445 1025 570 1103 reliquis
604 1025 767 1103 provinciis
797 1027 942 1102 sequutae
963 1027 1051 1101 sunt,
1073 1044 1149 1103 quae
1172 1025 1269 1085 adhue
1293 1026 1383 1089 hodie

261 1137 387 1209 durant,
417 1135 576 1212 praecipue
608 1157 665 1194 aaa
681 1156 796 1212 possum
817 1137 875 1194 sine
895 1131 1077 1195 admiratione
1097 1136 1217 1213 capitone
1231 1137 1381 1223 dapenna,

261 1263 331 1321 quae
359 1245 498 1316 Maenio,
526 1245 554 1302 in
588 1265 643 1321 qua
667 1247 776 1304 oiue'tate
794 1245 905 1321 placita
925 1246 995 1321 repis
1008 1244 1156 1321 fabricata
1178 1255 1258 1318 sunt,
1276 1265 1295 1303 c
1319 1245 1383 1302 Deo

254 1372 309 1429 per
323 1354 456 1430 proprios
479 1355 579 1412 amieos
604 1329 707 1431 inflicta
727 1364 777 1412 eet.

302 1461 336 1524 Si
367 1480 443 1539 quae
473 1462 570 1522 adhue
603 1462 742 1522 civitates
775 1465 807 1522 et
833 1461 1004 1539 provinciae
1030 1462 1068 1522 ab
1091 1461 1247 1522 hiemalis
1268 1461 1382 1521 liberae

261 1575 352 1644 sunt,
384 1590 471 1632 nemo
493 1570 629 1646 dubitet,
662 1571 736 1648 quin
756 1571 805 1632 vel
825 1570 883 1647 ipsi
909 1570 967 1630 sibi
992 1571 1041 1631 vel
1062 1570 1117 1629 alii
1138 1569 1211 1646 ipsis
1232 1568 1381 1646 ejusmodi

263 1680 430 1740 occasiones
453 1679 615 1755 objicient,
642 1697 717 1756 quae
739 1679 881 1754 efficient,
903 1681 937 1739 ut
959 1681 990 1739 et
1010 1679 1067 1754 ipsi
1087 1681 1205 1754 partem
1229 1697 1333 1754 suam,
1352 1679 1380 1738 si

261 1789 357 1850 eidem
377 1788 495 1850 crimini
517 1808 547 1849 se
572 1789 714 1867 obnonios
737 1806 839 1848 eorem
861 1788 925 1849 Deo
949 1787 1164 1863 reddiderunt,
1196 1805 1257 1848 non
1277 1788 1379 1848 minus

260 1916 350 1974 quam
370 1897 423 1958 alii
448 1899 606 1974 accipient.

299 2008 474 2070 [transactio
505 2009 764 2070 Hannoniensium
797 2011 828 2070 et
854 2008 1099 2070 ·Arthesiensium
1127 2027 1196 2070 eum
1226 2028 1297 2086 rege
1318 2007 1379 2067 erit

258 2115 336 2178 forte
360 2118 474 2178 occasio
495 2117 670 2195 perditionis
692 2122 723 2180 ct
739 2118 919 2181 vastationis
935 2137 1046 2194 eorum,
1061 2117 1194 2177 nondum
1216 2117 1379 2192 enimpoe·

258 2244 329 2298 nam
353 2246 438 2287 suam
461 2231 641 2306 acceperunt
669 2229 709 2305 1).

299 2334 336 2395 In
371 2354 501 2412 summa,
537 2339 662 2397 eventus
693 2337 751 2396 iste
776 2336 925 2412 ostendit,
956 2337 1055 2397 nullas
1089 2335 1138 2396 hie
1158 2335 1254 2410 vires,
1275 2335 1377 2394 nullas

258 2442 375 2520 copias,
400 2445 500 2505 nullas
524 2463 665 2523 personas
685 2444 723 2504 ab
747 2447 874 2523 utraque
898 2448 985 2522 parte
1006 2445 1151 2518 valuisse,
1173 2462 1227 2504 neo
1249 2442 1378 2504 consilia

258 2551 339 2626 ulla,
360 2572 414 2612 nee
436 2552 673 2628 pacificationes,
694 2554 745 2613 sed
762 2554 794 2612 in
807 2554 934 2614 nihilum
950 2553 1051 2614 omnia
1064 2553 1125 2614 ista
1137 2553 1261 2613 redacta
1273 2551 1377 2626 fuisse,

259 2663 292 2722 et
310 2661 445 2722 illustres
467 2680 610 2739 personas
631 2661 744 2739 partim
764 2663 870 2723 misere
893 2663 1033 2740 periisse,
1048 2662 1160 2741 partim
1180 2662 1311 2738 turpiter
1335 2660 1376 2719 ab

257 2771 376 2848 incepto
397 2781 485 2847 opere
506 2770 686 2832 discessisse.
726 2773 867 2832 Jude‘oe'um
888 2773 945 2833 Dei
955 2773 1068 2831 alterius
1081 2791 1186 2848 semper
1193 2789 1376 2847 propressurn

257 2884 342 2948 fuisse
361 2891 386 2940 et
407 2883 498 2940 adhuc
518 2883 597 2940 leodio
612 2884 768 2958 propreeti,
791 2901 839 2941 aee
859 2883 942 2956 finem
965 2883 1042 2958 opud
1060 2901 1110 2940 nos
1134 2891 1395 2966 aecepturunepu-¹

257 3000 302 3065 to,
325 2991 409 3049 donec
432 3009 540 3064 omnes,
557 2975 630 3070 ¹quos
651 3011 738 3068 snpra
758 2993 819 3050 deici
824 3035 831 3065 ,
852 2992 1071 3082 apprehenderit.
1101 3072 1105 3074 -

297 3097 373 3158 Cum
397 3119 467 3178 ergo
490 3120 569 3160 nunc
593 3105 774 3178 quaeratur,
802 3121 839 3171 aa
855 3121 910 3179 per
927 3110 1101 3178 praesentem
1123 3101 1312 3158 tractationem
1332 3099 1377 3156 ad

250 3229 350 3288 paoem
364 3213 527 3287 peruenturi
537 3211 647 3271 sunus?
668 3213 845 3288 respondeo,
866 3231 914 3272 me
934 3211 1049 3271 nullam
1060 3211 1178 3270 firmem
1192 3228 1275 3285 spem
1287 3208 1373 3284 pacis

255 3319 411 3397 concipere
442 3339 543 3396 posse,
572 3321 716 3398 quamdiu
735 3321 882 3399 judiciam
921 3322 998 3380 illud
1027 3321 1084 3380 Dei
1114 3337 1174 3380 non
1199 3319 1372 3396 perfeetum

204 3483 206 3486 .
255 3432 285 3489 ci
305 3429 476 3492 absolutum
498 3431 604 3507 fuerit,
637 3433 688 3492 sed
712 3434 762 3516 too
780 3434 918 3507 judicium
944 3418 1017 3492 aune
1038 3434 1101 3504 nto,
1126 3453 1200 3490 reune
1225 3430 1293 3488 alibi
1311 3439 1372 3488 tum

254 3539 304 3597 diu
332 3549 483 3599 astructum
514 3537 552 3598 iri
569 3551 595 3599 et
616 3541 838 3616 perduraturum
860 3551 963 3615 mauo,
987 3543 1072 3600 donee
1083 3541 1373 3603 ,communerationem

253 3657 376 3707 nostrum
394 3669 574 3726 apnoscornus
594 3659 619 3708 et
631 3669 686 3727 per
705 3669 797 3710 ueram
813 3652 1007 3727 poenitentiam
1032 3651 1139 3710 Olnn'sto
1172 3651 1290 3710 Domino
1308 3650 1370 3722 filio

253 3757 311 3816 Dei
328 3760 529 3818 reconcitiemur
548 3760 624 3836 eique
650 3779 729 3818 suurn
748 3763 876 3820 honorem
899 3761 1083 3820 restituamus.

293 3866 337 3928 At
365 3867 415 3927 hio
444 3868 539 3927 honor
573 3868 600 3927 ei
630 3887 649 3928 a
678 3867 742 3930 Deo
779 3872 865 3947 patre
892 3869 1026 3929 tributus
1050 3867 1124 3940 fuit,
1150 3868 1310 3944 postquem
1335 3867 1372 3928 in

252 3978 398 4037 meandum
422 3978 461 4037 ab
485 3997 519 4038 oo
550 3978 658 4040 missus
679 3983 737 4055 est,
773 3979 885 4056 primo,
920 3989 951 4038 ut
974 3997 1073 4038 sanam
1088 3997 1194 4054 purum
1215 3979 1371 4036 doctrinam

251 4087 397 4164 annpete'i
413 4090 443 4147 e'n
466 4090 550 4148 tuaene
571 4092 714 4165 proferret
733 4100 758 4150 et
778 4091 969 4161 eonstitue1·et,·
991 4088 1127 4149 Secundo
1154 4099 1185 4146 ut
1206 4107 1298 4148 verum
1313 4089 1373 4148 Dei

250 4201 351 4258 cultam
376 4200 482 4258 doceret
508 4209 534 4258 et
559 4200 758 4272 introduceret,·
782 4199 884 4259 Tertio
906 4209 936 4257 at
961 4201 1081 4258 diuinam
1104 4219 1183 4257 suam
1203 4207 1368 4274 potestatem
1396 4223 1404 4233 -

212 4328 214 4333 ·
253 4308 328 4384 quod
355 4308 412 4384 ipse
430 4309 465 4366 sit
485 4309 623 4368 Dominus
643 4311 711 4368 coeli
732 4319 756 4368 et
777 4319 867 4368 terrae
883 4318 1012 4385 potenter
1032 4310 1240 4368 demornstraret.
1252 4319 1259 4328 “’
1282 4306 1368 4366 Haec

152 4423 161 4432 ‘
251 4416 313 4476 trie
332 4415 411 4476 sieut
429 4415 463 4476 in
489 4417 592 4478 diebus
613 4417 712 4479 earnis
738 4436 809 4478 suae
834 4417 871 4478 ab
896 4415 960 4494 ipso
982 4415 1141 4490 instituta,
1172 4416 1370 4478 manifestata

284 4659 309 4722 1)
344 4658 416 4710 Steht
432 4674 471 4711 em
487 4658 578 4714 Made.
