3028 5348
485 539 527 584 no
546 540 713 586 unrururos
733 540 861 584 rursus.
1192 529 1228 588 21

108 703 201 776 alba,
232 702 367 764 fimbriae
398 722 433 763 ex
461 705 552 765 rubro
584 705 615 762 et
646 703 733 765 flavo.
775 701 877 762 Unum
897 704 980 774 erat,
1002 703 1082 779 quod
1102 703 1233 767 habebat

107 813 146 872 in
167 811 267 871 medio
289 813 419 889 quatuor
440 830 525 873 enses
546 810 642 886 latos,
664 830 791 888 quorum
812 810 911 888 capuli
932 813 1020 871 erant
1039 811 1113 872 lilia.
1156 812 1235 876 Oen·

104 919 185 997 jicio
207 939 244 980 ex
267 919 338 980 liliis
363 920 539 981 alterutrius
562 918 712 980 Dekemae
734 939 796 980 esse
817 921 848 979 et
865 919 943 979 forte
957 918 1080 994 Renici,
1102 921 1155 997 qui
1176 941 1232 998 pa·

108 1030 177 1090 lam
199 1028 361 1104 aliquando
382 1028 430 1088 hie
457 1029 490 1088 in
514 1028 652 1090 convivio
676 1029 807 1106 quodam
827 1026 959 1104 jactavit
982 1028 1087 1108 multis
1110 1029 1234 1093 audien-

108 1137 217 1211 tibus,
249 1157 281 1199 se
312 1138 385 1199 satis
406 1141 560 1216 potentem
587 1156 649 1198 esse
673 1138 712 1197 ed
734 1136 953 1215 quinquaginta
977 1137 1092 1198 nobiles
1116 1141 1234 1200 nostra·

109 1250 162 1308 tes
185 1266 280 1308 manu
301 1266 357 1308 sua
376 1247 581 1308 trucidandos.
621 1244 688 1306 Hoc
708 1246 856 1306 furiosum
877 1247 968 1322 eaput
991 1245 1068 1308 forte
1083 1247 1235 1310 existimat

112 1377 147 1418 se
172 1357 232 1418 Dei
259 1377 359 1418 ensem
378 1357 532 1432 futurum,
563 1357 613 1417 sed
634 1357 686 1434 qui
709 1354 865 1433 proprium
891 1374 942 1416 cor
963 1355 1026 1432 ejus
1047 1357 1236 1419 transverbe-

112 1466 212 1527 rabit.
253 1465 400 1542 Quicquid
421 1467 462 1526 sit
481 1465 591 1528 videtis
611 1485 738 1542 qnorum
758 1465 848 1526 eorda
865 1464 958 1544 gladii
979 1465 1043 1542 ejus
1064 1465 1236 1528 etaliornm

111 1577 241 1652 petent,
261 1575 322 1636 imo
343 1594 417 1652 quos
437 1578 543 1652 petent
563 1575 700 1635 flammae
721 1577 753 1636 st
774 1574 874 1652 laquei
896 1593 1007 1636 eorum.
1029 1576 1108 1656 Ergo
1122 1579 1237 1655 quante

112 1687 206 1747 vobis
228 1705 316 1760 cura,
337 1687 528 1762 providentia
549 1688 580 1746 et
599 1685 779 1746 fortitudine
801 1704 875 1763 opus
890 1685 963 1759 erit,
985 1685 1044 1763 ipsi
1057 1686 1236 1762 perspicitis.

111 1795 221 1856 Panos
241 1795 389 1872 quaedam
408 1796 551 1872 proximis
573 1795 670 1856 literis
692 1795 782 1868 meis,
805 1814 880 1872 quas
901 1814 955 1872 per
977 1795 1121 1856 nuncium
1144 1813 1237 1873 quen·

111 1905 188 1964 dam
211 1903 460 1980 Zutphsniensem
480 1902 567 1978 misi,
589 1922 665 1980 qnae
686 1901 823 1981 expedire
844 1905 912 1963 tum
939 1903 1101 1980 putabam,
1124 1904 1237 1983 signifi·

110 2013 194 2076 cavi.
237 2011 312 2074 Cum
326 2016 479 2092 hucusque
502 2033 550 2074 res
567 2032 647 2073 nunc
670 2031 826 2092 progressa
850 2012 905 2086 sit,
927 2031 982 2089 pro
1005 2031 1106 2074 amore
1119 2014 1237 2089 patriae

112 2139 203 2182 meae
223 2125 255 2183 et
271 2124 423 2184 communi
443 2123 540 2184 salute
554 2123 701 2200 quaedam
713 2122 855 2200 graviora
868 2121 977 2182 addere
1002 2139 1102 2200 cogor.
1146 2122 1237 2184 Multi

116 2230 171 2290 hic
193 2234 264 2292 sunt
283 2234 452 2306 nostrates,
473 2250 548 2309 quos
570 2249 631 2291 non
651 2231 739 2304 novi,
757 2231 858 2309 plures
874 2231 907 2290 in
920 2229 1239 2310 diesadveninnt,qui

114 2357 232 2400 nomen
243 2339 313 2400 huic
324 2339 450 2400 militiae
463 2340 534 2400 dare
546 2340 704 2414 dicuntur,
720 2341 793 2401 adeo
808 2340 888 2418 qnod
894 2339 1004 2416 jactari
1015 2340 1146 2414 audiam,
1158 2341 1238 2420 qnod

114 2467 216 2508 unum
229 2449 372 2511 vexillum
384 2449 501 2510 exsulis
514 2448 664 2509 nobilibus
674 2448 861 2512 nostratibus
872 2447 1031 2509 constabit.
1053 2447 1172 2510 Suadeo
1182 2449 1238 2528 igi-

115 2559 190 2632 tur,
201 2561 238 2618 ut
248 2576 350 2619 omnes
361 2558 483 2619 domum
493 2561 672 2620 revocentur
682 2560 713 2618 et
724 2558 750 2618 si
759 2576 821 2617 non
832 2557 1064 2634 comparuerint,
1076 2558 1239 2620 secundum

110 2667 167 2744 jus
201 2667 343 2728 adversus
377 2686 427 2728 eos
459 2666 645 2744 procedatur.
694 2665 830 2727 Secundo
860 2666 984 2741 suadeo,
1007 2670 1043 2729 nt
1063 2686 1166 2729 eorum
1185 2687 1239 2746 pa·

116 2777 222 2836 rentes
254 2779 287 2838 et
316 2777 560 2854 propinquiores,
592 2775 645 2854 qui
675 2775 832 2837 manifeste
863 2796 947 2838 arma
980 2780 1085 2840 eontra
1108 2778 1239 2855 petriam

118 2887 264 2960 sumunt,
295 2886 327 2946 in
357 2888 539 2963 potestatem
570 2890 702 2948 vestram
731 2885 875 2966 redigatis
903 2887 1037 2947 custodia
1065 2887 1191 2948 honesta
1211 2894 1240 2950 et

119 2995 241 3056 decenti
265 2996 304 3056 ad
325 2997 517 3059 deterrendos
538 2998 570 3056 et
590 2996 773 3075 mitigandos
792 2996 879 3070 illos,
900 2995 953 3072 qui
974 3014 1091 3056 omnem
1112 2996 1239 3057 crudeli·

118 3106 219 3164 tatem
249 3103 282 3164 in
315 3122 368 3166 vos
402 3123 537 3165 exercere
561 3107 791 3182 proposuerunt.
833 3103 934 3165 Tertio
957 3103 1036 3164 idem
1058 3105 1181 3166 consulo
1203 3106 1239 3166 de

119 3213 177 3288 iis,
201 3233 276 3291 quos
299 3214 433 3291 alioquin
454 3214 642 3276 adversarios
667 3216 698 3274 et
718 3215 818 3274 hostes
842 3215 960 3274 vestros
987 3231 1049 3274 esse
1078 3213 1180 3287 scitis,
1201 3233 1240 3281 uo

120 3323 257 3398 interea,
288 3322 360 3382 dum
392 3322 465 3384 foris
489 3322 626 3384 hostibus
651 3341 705 3384 vos
730 3321 894 3399 opponitis,
916 3320 998 3381 domi
1020 3321 1142 3400 gravius
1161 3321 1241 3399 peri·
1273 3363 1277 3369 -

120 3429 227 3490 culum
245 3447 299 3506 per
317 3430 386 3490 illos
408 3430 549 3491 subeatis.
592 3429 722 3505 Quarto,
745 3431 783 3490 ad
804 3433 922 3508 tempus
943 3431 1064 3509 aliquod
1094 3450 1112 3491 a
1133 3432 1240 3494 eivita-

121 3539 208 3601 tibus
228 3536 405 3614 impetrate,
425 3541 462 3599 ut
482 3539 621 3618 exignum
642 3539 824 3617 praesidium
845 3539 927 3602 intra
949 3540 1068 3601 moenia
1091 3559 1146 3602 sna
1165 3541 1241 3602 reci-

122 3649 230 3726 piant,
250 3666 323 3708 nam
346 3648 378 3707 id
398 3668 521 3725 prorsus
544 3649 746 3710 necessarium
771 3649 843 3724 erit,
864 3669 902 3710 ne
925 3650 951 3710 si
972 3650 1166 3712 munitiorem
1185 3650 1241 3710 ali-

123 3775 219 3835 quem
240 3757 394 3820 civitatem
416 3761 577 3836 occupent,
598 3758 771 3820 diuturnius
791 3759 877 3819 nobis
892 3759 1004 3819 bellum
1017 3759 1140 3821 faciant.
1161 3761 1241 3822 Nem

122 3866 202 3928 seire
225 3885 279 3928 vos
302 3870 438 3944 oportet,
459 3887 509 3930 eos
530 3871 651 3946 captare
674 3868 872 3943 occasionem,
892 3887 953 3946 qua
973 3870 1074 3932 omnia
1093 3871 1173 3946 apud
1186 3889 1241 3931 nos

123 3976 285 4055 congelata
314 3980 412 4039 erunt.
464 3977 595 4054 Quinto,
626 3979 659 4039 in
690 3979 746 4039 hac
775 3979 955 4040 necessitate
986 3979 1088 4040 omnia
1118 3979 1242 4040 consilia

123 4086 264 4165 quaerite
284 4088 428 4164 pecuniae
449 4088 652 4168 colligendae,
684 4107 758 4165 opus
783 4088 968 4150 enimvobis
992 4089 1088 4149 milite
1112 4089 1171 4150 erit
1190 4108 1242 4165 pe·

122 4197 187 4257 rito
220 4198 251 4256 et
281 4197 460 4274 exercitato,
492 4199 544 4276 qui
575 4217 629 4260 vos
660 4201 766 4260 contra
797 4200 861 4259 tam
884 4198 964 4259 diros
985 4199 1087 4259 hostes
1108 4199 1241 4276 adjuvet.

121 4306 234 4382 Itaque
265 4324 327 4368 nou
358 4323 490 4386 repugno
516 4307 662 4384 amplius,
690 4307 763 4385 quin
785 4309 865 4385 quod
886 4309 956 4368 ante
981 4308 1111 4383 consilii,
1133 4309 1169 4368 de
1190 4309 1242 4370 do·

123 4413 236 4474 maniis
256 4415 350 4494 regis,
377 4419 413 4477 nt
433 4419 560 4491 vocant,
593 4420 624 4478 et
647 4417 795 4479 reditibus
816 4417 947 4496 episcopi
970 4418 1100 4495 coepisse
1119 4436 1173 4480 vos
1195 4419 1243 4480 in·
1284 4393 1287 4400 ¹

122 4521 245 4598 tellexi,
267 4525 306 4584 ad
326 4525 466 4586 effectum
486 4545 540 4604 pro
561 4528 695 4604 tempore
719 4527 909 4603 perducatis,
930 4529 962 4587 et
986 4527 1011 4588 si
1032 4546 1108 4606 quae
1130 4527 1191 4589 alia
1204 4528 1242 4590 ad

123 4633 205 4693 hano
229 4651 293 4693 rem
313 4634 481 4696 necessaria
501 4637 605 4710 erunt,
627 4635 763 4697 adhibite
780 4635 966 4698 authoritate
979 4636 1116 4716 generosi
1127 4641 1159 4700 et
1171 4657 1242 4715 pru-
