3020 5360
511 531 668 576 amouere
688 534 819 577 scrius.
1184 521 1223 581 97

111 712 180 754 nem
189 693 329 771 justitiae
343 695 490 755 humanae
503 683 567 755 Deo
581 713 696 771 semper
709 697 797 772 grata
809 695 868 755 fuit
882 697 913 756 et
926 695 1023 756 adhuc
1036 697 1123 759 hodie
1137 701 1226 776 grata

110 806 170 877 est,
191 803 341 881 habetque
368 821 454 863 suam
474 802 507 862 in
529 803 586 863 hoc
610 803 721 863 mundo
742 803 1028 880 remunerationem,
1044 808 1075 864 et
1088 806 1225 868 videmus

111 913 272 973 maximam
295 912 379 971 illam
400 912 481 988 apud
501 912 613 972 multos
635 912 773 988 pehtioos
787 912 883 987 viros,
898 913 1089 991 philosophos
1103 918 1134 975 et
1148 915 1226 975 Pha-

111 1022 222 1082 risaeos
244 1021 326 1082 omni
347 1024 480 1098 tempore
501 1020 608 1094 tuisse,
637 1021 676 1080 ad
697 1040 822 1100 regnum
846 1025 948 1083 tamen
968 1023 1023 1083 Dei
1045 1041 1226 1102 consequeu-

113 1130 183 1189 dum
204 1129 342 1189 inefficax
363 1131 417 1188 est.
533 1145 535 1152 ’

151 1237 258 1297 Altera
289 1237 387 1297 solum
416 1237 573 1296 intellectu
606 1236 708 1298 divino
741 1239 1018 1314 comprehenditur,
1051 1242 1083 1301 et
1112 1240 1145 1301 iu
1168 1241 1225 1300 fide

113 1345 227 1406 Christi
249 1346 419 1423 peragitur,
442 1331 625 1421 corde'puro
645 1348 676 1405 et
697 1346 868 1406 voluntarla
889 1349 967 1408 unde
988 1350 1019 1407 et
1032 1348 1079 1407 lex
1093 1349 1227 1425 spiritus,

111 1455 210 1530 vitae,
240 1455 310 1514 fidei
338 1467 369 1514 et
389 1453 540 1514 libertatis
562 1453 682 1514 dicitur.
723 1453 760 1513 In
781 1474 897 1515 summa
916 1460 963 1516 est
983 1455 1120 1517 Christus
1141 1458 1227 1536 inha-

110 1563 213 1624 bitans
233 1565 267 1623 in
287 1564 375 1624 corde
395 1563 467 1624 novi
488 1563 630 1636 hominis,
653 1563 705 1640 qui
725 1563 915 1624 voluntatem
932 1564 1005 1639 Dei,
1020 1566 1226 1627 communione

112 1672 243 1750 Spiritus
275 1673 322 1732 sui
352 1673 469 1749 inipso
490 1673 623 1749 perficit,
645 1676 797 1750 utcunque
818 1674 961 1752 reliquiae
981 1677 1094 1735 multae
1115 1675 1226 1738 veteris

8 1816 9 1824 1
110 1782 241 1842 hominis
271 1785 462 1854 remaneant,
493 1801 569 1857 quae
588 1781 712 1841 subinde
733 1783 937 1856 reluctentur,
958 1802 1013 1842 neo
1033 1803 1142 1860 parvas
1162 1803 1225 1845 mo-

111 1892 216 1951 lestias
239 1909 317 1952 novo
347 1890 514 1972 exhibent„
536 1889 586 1949 sed
607 1890 847 1950 mortificationis
868 1894 899 1950 et
918 1891 1128 1953 vivificationis
1147 1894 1225 1953 dono

113 2003 264 2060 crescente
284 1999 414 2059 minores
435 1999 582 2071 evadunt,
605 2018 679 2076 quas
699 2017 779 2058 mors
799 1999 922 2059 tandem
942 2002 1024 2061 totas
1045 2001 1185 2062 abolebit.

152 2107 212 2167 Sed
241 2111 272 2167 et
302 2108 375 2168 haec
405 2107 462 2167 tibi
483 2107 569 2182 satis,
596 2107 648 2183 qui
668 2109 723 2168 hoo
752 2107 911 2167 discrimen
934 2109 1008 2186 legis
1027 2109 1091 2186 jam
1111 2111 1227 2187 pridem

109 2236 147 2277 ex
169 2215 339 2276 discrimine
364 2215 475 2278 veteris
496 2219 527 2275 et
546 2216 618 2278 novi
643 2215 829 2277 Testamenti
853 2217 993 2278 didicisti.
1046 2218 1127 2288 Quae
1149 2220 1225 2278 duae

109 2326 169 2385 Dei
199 2325 409 2401 dispositiones
441 2327 471 2385 et
503 2325 706 2386 ordinationes
736 2329 823 2399 sunt,
854 2346 916 2387 non
947 2328 1067 2404 quidem
1093 2329 1174 2388 inter
1195 2347 1226 2389 so

110 2435 297 2508 contrariae,
329 2435 380 2494 sed
413 2438 516 2494 tamen
546 2434 675 2495 essentia
706 2438 738 2494 ct
762 2436 869 2496 effectu
889 2437 977 2514 longe
998 2437 1225 2498 diversissimae.

109 2542 148 2605 In
172 2561 207 2602 eo
239 2541 397 2602 aberratur
427 2542 592 2618 plerunque
622 2542 724 2616 hodie,
763 2543 844 2619 quod
875 2545 975 2604 omnia
1003 2546 1042 2605 ad
1071 2549 1226 2606 aeternum

110 2652 300 2730 propositum
331 2653 387 2712 Dei
408 2652 592 2727 referantur,
621 2672 676 2712 neo
696 2653 876 2729 respiciunt,
898 2655 1045 2731 quomodo
1068 2655 1154 2716 nobis
1173 2656 1227 2715 illa

110 2760 247 2822 exhibita
279 2761 350 2822 sint.
401 2760 459 2819 Illo
491 2761 612 2838 quidem
635 2760 1227 2840 166ᾶοὶ11116666666166616616,61

109 2870 143 2930 in
165 2869 261 2932 veteri
281 2869 473 2929 Testamento
495 2873 526 2928 et
548 2869 581 2927 in
604 2887 700 2944 novo,
721 2888 781 2928 una
801 2869 982 2946 respublica,
1004 2890 1065 2931 una
1080 2872 1143 2946 lex,
1165 2893 1226 2932 una

107 2977 231 3055 justitia
250 2979 323 3054 ete,
344 2977 396 3036 sed
416 2978 512 3038 altero
532 2977 620 3036 modo
644 2977 754 3053 duplex
775 2979 837 3050 est,
859 2979 1010 3054 etmagna
1023 2978 1103 3038 inter
1118 2984 1226 3040 utrun-

110 3106 172 3166 que
201 3085 443 3160 testamentum,
474 3104 608 3166 quaeque
639 3086 816 3146 alterutrius
845 3086 919 3160 sint,
941 3087 1118 3147 differentia.
1159 3089 1225 3149 Imo

8 3189 9 3192 ’
109 3213 188 3275 quas
207 3194 375 3255 Israelitiea
394 3195 471 3269 fuit,
494 3199 614 3256 externe
637 3198 757 3255 tantum
772 3193 974 3254 Christianam
989 3199 1226 3272 repraesentavit

110 3315 144 3364 et
166 3303 372 3377 adumbravit,
394 3305 503 3383 quique
525 3304 626 3364 fideles
648 3304 703 3363 suh
724 3322 759 3363 ea
779 3306 865 3362 erant
884 3302 1011 3378 duplicis
1033 3305 1120 3382 quasi
1134 3307 1226 3366 eccle-

111 3416 176 3475 siae
197 3418 229 3475 et
251 3414 431 3490 reipublicae
452 3411 587 3472 membra
608 3417 639 3473 et
660 3413 740 3474 cives
762 3413 817 3472 sub
837 3413 949 3489 duplici
968 3413 1135 3475 ministerio
1150 3415 1225 3494 legis
1259 3403 1263 3426 ¹

110 3526 234 3600 aperto,
258 3521 388 3598 Spiritus
409 3522 525 3582 occulto
546 3521 752 3582 censebantur.

154 3631 212 3692 Sed
243 3633 362 3710 longius
392 3653 440 3691 me
471 3633 605 3710 cogitata
636 3651 703 3692 mea
734 3632 865 3708 rapiunt.
907 3631 943 3692 In
964 3650 1032 3692 eum
1053 3633 1142 3692 finem
1160 3637 1224 3694 tam

72 3731 76 3734 ’
110 3745 174 3804 alte
193 3743 254 3824 ista
274 3745 395 3818 repeto,
426 3745 462 3802 ut
484 3743 638 3802 ostendam
661 3742 748 3802 civile
769 3742 824 3801 hoc
845 3759 955 3801 munus
975 3742 1171 3820 magistratus
1191 3743 1225 3803 in

110 3871 143 3912 se
176 3853 397 3912 consideratum
427 3853 579 3914 diversum
611 3871 674 3911 esse
704 3871 722 3910 a
752 3851 902 3927 spirituali
932 3851 985 3911 illo
1005 3870 1143 3925 munere,
1164 3870 1224 3930 quo

8 4035 9 4040 η
110 3961 238 4021 66616616
261 3960 362 4038 colligi
384 3965 416 4021 et
439 3961 503 4038 regi
527 3960 624 4020 debet.
665 3959 806 4038 Eousque
835 3958 956 4038 quidem
978 3959 1110 4034 pertinet
1129 3962 1225 4038 magi·

8 4138 9 4148 ,
110 4072 229 4130 stratus
260 4069 404 4142 officium,
436 4089 590 4149 quousque
618 4087 649 4128 se
669 4069 717 4127 lex
738 4067 850 4144 Moysis
871 4069 903 4125 et
926 4069 1053 4126 naturae
1073 4069 1226 4144 extendit,

8 4161 9 4168 ἵ
109 4181 171 4240 hoc
200 4181 247 4238 est
277 4179 316 4238 ad
347 4178 435 4238 unius
467 4178 523 4237 Dei
550 4177 752 4256 cognitionem
771 4175 945 4253 cultumque
967 4178 998 4234 et
1018 4176 1226 4252 adjustitiam

109 4289 276 4347 humanam
297 4287 545 4362 conservandam,
567 4287 619 4346 sed
640 4286 745 4360 iniis,
765 4305 842 4365 quae
862 4283 930 4344 fidei
943 4287 978 4376 et
991 4286 1226 4361 regenerationis

110 4401 201 4471 sunt,
230 4401 260 4457 et
276 4397 433 4472 justitiae,
460 4415 537 4475 quae
564 4414 600 4455 ex
620 4413 656 4454 ea
676 4395 825 4474 sequitur,
845 4392 961 4453 nullam
981 4410 1103 4468 prorsus
1126 4399 1227 4470 potes·

110 4511 209 4582 tatem
236 4506 341 4579 habet,
374 4505 425 4565 sed
452 4507 526 4564 haec
554 4505 635 4564 solus
668 4503 804 4564 Christus
828 4502 861 4561 in
888 4521 941 4562 suo
965 4501 1074 4576 spiritu
1095 4502 1226 4579 confert,

112 4617 191 4696 regit
219 4621 251 4677 ut
277 4615 466 4690 moderatur,
497 4617 645 4693 quatenus
672 4613 763 4674 etium
790 4613 851 4673 suis
878 4621 999 4672 externa
1026 4609 1162 4672 doctrina
1194 4617 1226 4675 ct
