<?xml version="1.0" encoding="UTF-8"?>
<!DOCTYPE html PUBLIC "-//W3C//DTD XHTML 1.0 Transitional//EN"
    "http://www.w3.org/TR/xhtml1/DTD/xhtml1-transitional.dtd">
<html xmlns="http://www.w3.org/1999/xhtml" xml:lang="en" lang="en">
 <head>
  <title>
</title>
<meta http-equiv="Content-Type" content="text/html;charset=utf-8" />
  <meta name='ocr-system' content='tesseract 3.04.00' />
  <meta name='ocr-capabilities' content='ocr_page ocr_carea ocr_par ocr_line ocrx_word'/>
</head>
<body>
  <div class='ocr_page' id='page_1' title='image "./briefedesaggaeu00ackegoog_0129.png"; bbox 0 0 3020 5360; ppageno 0'>
   <div class='ocr_carea' id='block_1_1' title="bbox 264 519 963 581">
    <p class='ocr_par' dir='ltr' id='par_1_1' title="bbox 264 519 963 581">
     <span class='ocr_line' id='line_1_1' title="bbox 264 519 963 581; baseline -0.007 0"><span class='ocrx_word' id='word_1_1' title='bbox 264 519 322 581; x_wconf 86' lang='lat'><strong>100</strong></span> <span class='ocrx_word' id='word_1_2' title='bbox 680 532 814 576; x_wconf 78' lang='grc'>1666166</span> <span class='ocrx_word' id='word_1_3' title='bbox 835 532 963 576; x_wconf 72' lang='lat' dir='ltr'><strong>russas.</strong></span> 
     </span>
    </p>
   </div>
   <div class='ocr_carea' id='block_1_2' title="bbox 262 692 1394 992">
    <p class='ocr_par' dir='ltr' id='par_1_2' title="bbox 262 692 1394 992">
     <span class='ocr_line' id='line_1_2' title="bbox 304 692 1393 774; baseline -0.006 -16"><span class='ocrx_word' id='word_1_4' title='bbox 304 695 432 774; x_wconf 75' lang='lat' dir='ltr'><strong>Reliqua</strong></span> <span class='ocrx_word' id='word_1_5' title='bbox 451 695 613 774; x_wconf 88' lang='lat' dir='ltr'><strong>inquibus</strong></span> <span class='ocrx_word' id='word_1_6' title='bbox 634 696 671 756; x_wconf 93' lang='lat' dir='ltr'><strong>de</strong></span> <span class='ocrx_word' id='word_1_7' title='bbox 693 713 751 755; x_wconf 89' lang='lat' dir='ltr'><strong>usu</strong></span> <span class='ocrx_word' id='word_1_8' title='bbox 771 693 919 754; x_wconf 89' lang='lat' dir='ltr'><strong>bonorum</strong></span> <span class='ocrx_word' id='word_1_9' title='bbox 939 692 1208 754; x_wconf 89' lang='lat' dir='ltr'><strong>ecclesiasticorum</strong></span> <span class='ocrx_word' id='word_1_10' title='bbox 1229 710 1317 752; x_wconf 90' lang='lat' dir='ltr'><strong>suam</strong></span> <span class='ocrx_word' id='word_1_11' title='bbox 1331 709 1393 752; x_wconf 90' lang='lat' dir='ltr'><strong>ex-</strong></span> 
     </span>
     <span class='ocr_line' id='line_1_3' title="bbox 262 799 1394 886; baseline -0.008 -18"><span class='ocrx_word' id='word_1_12' title='bbox 262 807 356 886; x_wconf 86' lang='lat' dir='ltr'><strong>plicat</strong></span> <span class='ocrx_word' id='word_1_13' title='bbox 385 805 581 878; x_wconf 89' lang='lat' dir='ltr'><strong>sententiam,</strong></span> <span class='ocrx_word' id='word_1_14' title='bbox 609 823 671 864; x_wconf 91' lang='grc'><strong>666</strong></span> <span class='ocrx_word' id='word_1_15' title='bbox 691 806 835 880; x_wconf 89' lang='grc'>66161661</span> <span class='ocrx_word' id='word_1_16' title='bbox 854 803 911 862; x_wconf 89' lang='lat' dir='ltr'><strong>ulli</strong></span> <span class='ocrx_word' id='word_1_17' title='bbox 933 804 999 863; x_wconf 82' lang='lat' dir='ltr'><strong>viro</strong></span> <span class='ocrx_word' id='word_1_18' title='bbox 1024 801 1104 862; x_wconf 91' lang='lat' dir='ltr'><strong>bono</strong></span> <span class='ocrx_word' id='word_1_19' title='bbox 1132 799 1305 878; x_wconf 89' lang='lat' dir='ltr'><strong>displicere,</strong></span> <span class='ocrx_word' id='word_1_20' title='bbox 1329 801 1394 861; x_wconf 88' lang='lat' dir='ltr'><strong>sed</strong></span> 
     </span>
     <span class='ocr_line' id='line_1_4' title="bbox 262 908 1391 992; baseline -0.006 -16"><span class='ocrx_word' id='word_1_21' title='bbox 262 919 365 976; x_wconf 90' lang='lat' dir='ltr'><strong>tamen</strong></span> <span class='ocrx_word' id='word_1_22' title='bbox 395 915 481 977; x_wconf 86' lang='lat' dir='ltr'><strong>video</strong></span> <span class='ocrx_word' id='word_1_23' title='bbox 501 915 534 975; x_wconf 90' lang='grc'><strong>16</strong></span> <span class='ocrx_word' id='word_1_24' title='bbox 554 914 735 992; x_wconf 91' lang='lat' dir='ltr'><strong>quibusdam</strong></span> <span class='ocrx_word' id='word_1_25' title='bbox 755 931 822 974; x_wconf 89' lang='lat' dir='ltr'><strong>eam</strong></span> <span class='ocrx_word' id='word_1_26' title='bbox 848 911 1085 972; x_wconf 77' lang='lat' dir='ltr'><strong>moderationem</strong></span> <span class='ocrx_word' id='word_1_27' title='bbox 1106 911 1137 970; x_wconf 85' lang='lat' dir='ltr'><strong>et</strong></span> <span class='ocrx_word' id='word_1_28' title='bbox 1159 908 1391 970; x_wconf 78' lang='lat' dir='ltr'><strong>ordinationem</strong></span> 
     </span>
    </p>
   </div>
   <div class='ocr_carea' id='block_1_3' title="bbox 262 1017 1507 1101">
    <p class='ocr_par' dir='ltr' id='par_1_3' title="bbox 262 1017 1507 1101">
     <span class='ocr_line' id='line_1_5' title="bbox 262 1017 1507 1101; baseline -0.008 -16"><span class='ocrx_word' id='word_1_29' title='bbox 262 1025 396 1086; x_wconf 76' lang='lat' dir='ltr'><strong>adhiberi</strong></span> <span class='ocrx_word' id='word_1_30' title='bbox 416 1043 519 1101; x_wconf 87' lang='lat' dir='ltr'><strong>posse,</strong></span> <span class='ocrx_word' id='word_1_31' title='bbox 540 1043 578 1085; x_wconf 89' lang='grc'><strong>66</strong></span> <span class='ocrx_word' id='word_1_32' title='bbox 601 1025 742 1101; x_wconf 88' lang='lat' dir='ltr'><strong>cuiquam</strong></span> <span class='ocrx_word' id='word_1_33' title='bbox 764 1025 967 1101; x_wconf 88' lang='lat' dir='ltr'><strong>cujuscunque</strong></span> <span class='ocrx_word' id='word_1_34' title='bbox 988 1022 1082 1082; x_wconf 86' lang='lat' dir='ltr'><strong>fuerit</strong></span> <span class='ocrx_word' id='word_1_35' title='bbox 1102 1023 1202 1082; x_wconf 88' lang='lat' dir='ltr'><strong>status</strong></span> <span class='ocrx_word' id='word_1_36' title='bbox 1222 1022 1254 1081; x_wconf 91' lang='lat' dir='ltr'><strong>et</strong></span> <span class='ocrx_word' id='word_1_37' title='bbox 1275 1017 1388 1079; x_wconf 89' lang='lat' dir='ltr'><strong>condi·</strong></span> <span class='ocrx_word' id='word_1_38' title='bbox 1506 1061 1507 1066; x_wconf 33' lang='lat'>1</span> 
     </span>
    </p>
   </div>
   <div class='ocr_carea' id='block_1_4' title="bbox 262 1131 1391 1427">
    <p class='ocr_par' dir='ltr' id='par_1_4' title="bbox 262 1131 1391 1427">
     <span class='ocr_line' id='line_1_6' title="bbox 262 1131 1299 1214; baseline -0.004 -20"><span class='ocrx_word' id='word_1_39' title='bbox 262 1133 354 1194; x_wconf 89' lang='lat' dir='ltr'><strong>tionis</strong></span> <span class='ocrx_word' id='word_1_40' title='bbox 371 1134 457 1211; x_wconf 88' lang='lat' dir='ltr'><strong>justa</strong></span> <span class='ocrx_word' id='word_1_41' title='bbox 475 1131 677 1208; x_wconf 88' lang='lat' dir='ltr'><strong>conquerendi</strong></span> <span class='ocrx_word' id='word_1_42' title='bbox 697 1150 789 1192; x_wconf 90' lang='grc'>66666</span> <span class='ocrx_word' id='word_1_43' title='bbox 809 1131 930 1192; x_wconf 86' lang='lat' dir='ltr'><strong>existat.</strong></span> <span class='ocrx_word' id='word_1_44' title='bbox 1296 1207 1299 1214; x_wconf 23' lang='lat'><strong><em>¹</em></strong></span> 
     </span>
     <span class='ocr_line' id='line_1_7' title="bbox 302 1237 1390 1318; baseline -0.005 -18"><span class='ocrx_word' id='word_1_45' title='bbox 302 1242 368 1313; x_wconf 78' lang='lat' dir='ltr'><strong>Qua</strong></span> <span class='ocrx_word' id='word_1_46' title='bbox 397 1242 435 1300; x_wconf 89' lang='lat' dir='ltr'><strong>de</strong></span> <span class='ocrx_word' id='word_1_47' title='bbox 466 1261 499 1300; x_wconf 91' lang='lat' dir='ltr'><strong>re</strong></span> <span class='ocrx_word' id='word_1_48' title='bbox 530 1239 831 1318; x_wconf 87' lang='lat' dir='ltr'><strong>coramaliquando,</strong></span> <span class='ocrx_word' id='word_1_49' title='bbox 852 1240 879 1301; x_wconf 92' lang='lat' dir='ltr'><strong>si</strong></span> <span class='ocrx_word' id='word_1_50' title='bbox 899 1238 1048 1299; x_wconf 82' lang='lat' dir='ltr'><strong>Dominus</strong></span> <span class='ocrx_word' id='word_1_51' title='bbox 1069 1237 1201 1311; x_wconf 87' lang='lat' dir='ltr'><strong>dederit,</strong></span> <span class='ocrx_word' id='word_1_52' title='bbox 1222 1237 1390 1298; x_wconf 81' lang='lat' dir='ltr'><strong>internos</strong></span> 
     </span>
     <span class='ocr_line' id='line_1_8' title="bbox 263 1346 1391 1427; baseline -0.002 -17"><span class='ocrx_word' id='word_1_53' title='bbox 263 1350 457 1410; x_wconf 89' lang='lat' dir='ltr'><strong>conferemus.</strong></span> <span class='ocrx_word' id='word_1_54' title='bbox 498 1349 535 1409; x_wconf 93' lang='lat' dir='ltr'><strong>In</strong></span> <span class='ocrx_word' id='word_1_55' title='bbox 558 1350 708 1426; x_wconf 71' lang='lat' dir='ltr'><strong>praesenti</strong></span> <span class='ocrx_word' id='word_1_56' title='bbox 729 1352 853 1427; x_wconf 87' lang='lat' dir='ltr'><strong>propter</strong></span> <span class='ocrx_word' id='word_1_57' title='bbox 872 1349 1038 1410; x_wconf 75' lang='lat' dir='ltr'><strong>instantem</strong></span> <span class='ocrx_word' id='word_1_58' title='bbox 1058 1348 1258 1408; x_wconf 77' lang='lat' dir='ltr'><strong>mutationem</strong></span> <span class='ocrx_word' id='word_1_59' title='bbox 1276 1346 1309 1406; x_wconf 94' lang='lat' dir='ltr'><strong>in</strong></span> <span class='ocrx_word' id='word_1_60' title='bbox 1321 1347 1391 1408; x_wconf 89' lang='lat' dir='ltr'><strong>hoc</strong></span> 
     </span>
    </p>
   </div>
   <div class='ocr_carea' id='block_1_5' title="bbox 263 1454 1507 1531">
    <p class='ocr_par' dir='ltr' id='par_1_5' title="bbox 263 1454 1507 1531">
     <span class='ocr_line' id='line_1_9' title="bbox 263 1454 1507 1531; baseline -0.002 -14"><span class='ocrx_word' id='word_1_61' title='bbox 263 1457 352 1517; x_wconf 88' lang='lat' dir='ltr'><strong>simul</strong></span> <span class='ocrx_word' id='word_1_62' title='bbox 373 1474 475 1517; x_wconf 90' lang='lat' dir='ltr'><strong>omnes</strong></span> <span class='ocrx_word' id='word_1_63' title='bbox 496 1475 550 1516; x_wconf 84' lang='lat' dir='ltr'><strong>vos</strong></span> <span class='ocrx_word' id='word_1_64' title='bbox 570 1457 704 1518; x_wconf 89' lang='lat' dir='ltr'><strong>intentos</strong></span> <span class='ocrx_word' id='word_1_65' title='bbox 726 1457 931 1531; x_wconf 74' lang='lat' dir='ltr'><strong>asserebam,</strong></span> <span class='ocrx_word' id='word_1_66' title='bbox 952 1459 988 1516; x_wconf 92' lang='grc'><strong>61</strong></span> <span class='ocrx_word' id='word_1_67' title='bbox 1010 1475 1045 1516; x_wconf 91' lang='grc'><strong>66</strong></span> <span class='ocrx_word' id='word_1_68' title='bbox 1065 1457 1144 1516; x_wconf 90' lang='lat' dir='ltr'><strong>bona</strong></span> <span class='ocrx_word' id='word_1_69' title='bbox 1164 1456 1249 1516; x_wconf 79' lang='lat' dir='ltr'><strong>salua</strong></span> <span class='ocrx_word' id='word_1_70' title='bbox 1261 1454 1391 1530; x_wconf 86' lang='lat' dir='ltr'><strong>patriae</strong></span> <span class='ocrx_word' id='word_1_71' title='bbox 1506 1481 1507 1494; x_wconf 50' lang='lat'>¹</span> 
     </span>
    </p>
   </div>
   <div class='ocr_carea' id='block_1_6' title="bbox 263 1563 1392 2073">
    <p class='ocr_par' dir='ltr' id='par_1_6' title="bbox 263 1563 1388 1752">
     <span class='ocr_line' id='line_1_10' title="bbox 264 1563 1388 1642; baseline -0.003 -15"><span class='ocrx_word' id='word_1_72' title='bbox 264 1569 381 1627; x_wconf 89' lang='lat' dir='ltr'><strong>vestrae</strong></span> <span class='ocrx_word' id='word_1_73' title='bbox 402 1568 554 1626; x_wconf 84' lang='lat' dir='ltr'><strong>maneant.</strong></span> <span class='ocrx_word' id='word_1_74' title='bbox 596 1565 628 1625; x_wconf 79' lang='lat' dir='ltr'><strong>si</strong></span> <span class='ocrx_word' id='word_1_75' title='bbox 649 1584 725 1642; x_wconf 89' lang='lat' dir='ltr'><strong>quae</strong></span> <span class='ocrx_word' id='word_1_76' title='bbox 740 1567 838 1627; x_wconf 87' lang='lat' dir='ltr'><strong>adhuc</strong></span> <span class='ocrx_word' id='word_1_77' title='bbox 851 1569 969 1628; x_wconf 87' lang='lat' dir='ltr'><strong>restant</strong></span> <span class='ocrx_word' id='word_1_78' title='bbox 983 1565 1112 1626; x_wconf 90' lang='lat' dir='ltr'><strong>scribam</strong></span> <span class='ocrx_word' id='word_1_79' title='bbox 1126 1565 1268 1641; x_wconf 85' lang='lat' dir='ltr'><strong>proximo.</strong></span> <span class='ocrx_word' id='word_1_80' title='bbox 1288 1563 1388 1624; x_wconf 82' lang='lat' dir='ltr'><strong>Nunc</strong></span> 
     </span>
     <span class='ocr_line' id='line_1_11' title="bbox 263 1674 941 1752; baseline 0.003 -20"><span class='ocrx_word' id='word_1_81' title='bbox 263 1675 351 1752; x_wconf 87' lang='lat' dir='ltr'><strong>plura</strong></span> <span class='ocrx_word' id='word_1_82' title='bbox 370 1692 424 1750; x_wconf 89' lang='lat' dir='ltr'><strong>per·</strong></span> <span class='ocrx_word' id='word_1_83' title='bbox 445 1675 655 1751; x_wconf 76' lang='lat' dir='ltr'><strong>occupationes</strong></span> <span class='ocrx_word' id='word_1_84' title='bbox 676 1692 758 1733; x_wconf 91' lang='lat' dir='ltr'><strong>meas</strong></span> <span class='ocrx_word' id='word_1_85' title='bbox 780 1693 841 1734; x_wconf 93' lang='lat' dir='ltr'><strong>non</strong></span> <span class='ocrx_word' id='word_1_86' title='bbox 859 1674 941 1734; x_wconf 90' lang='lat' dir='ltr'><strong>licet.</strong></span> 
     </span>
    </p>

    <p class='ocr_par' dir='ltr' id='par_1_7' title="bbox 266 1781 1392 1952">
     <span class='ocr_line' id='line_1_12' title="bbox 303 1781 1392 1858; baseline 0 -18"><span class='ocrx_word' id='word_1_87' title='bbox 303 1782 384 1842; x_wconf 89' lang='lat' dir='ltr'><strong>Bene</strong></span> <span class='ocrx_word' id='word_1_88' title='bbox 404 1783 471 1843; x_wconf 82' lang='lat' dir='ltr'><strong>vale</strong></span> <span class='ocrx_word' id='word_1_89' title='bbox 491 1783 539 1842; x_wconf 83' lang='lat' dir='ltr'><strong>vir</strong></span> <span class='ocrx_word' id='word_1_90' title='bbox 559 1783 782 1857; x_wconf 81' lang='lat' dir='ltr'><strong>amantissime,</strong></span> <span class='ocrx_word' id='word_1_91' title='bbox 803 1781 890 1842; x_wconf 82' lang='lat' dir='ltr'><strong>uxori</strong></span> <span class='ocrx_word' id='word_1_92' title='bbox 909 1782 1057 1858; x_wconf 86' lang='lat' dir='ltr'><strong>notisque·</strong></span> <span class='ocrx_word' id='word_1_93' title='bbox 1073 1785 1104 1842; x_wconf 92' lang='lat' dir='ltr'><strong>ct</strong></span> <span class='ocrx_word' id='word_1_94' title='bbox 1125 1782 1229 1843; x_wconf 87' lang='lat' dir='ltr'><strong>amicis</strong></span> <span class='ocrx_word' id='word_1_95' title='bbox 1250 1781 1392 1842; x_wconf 83' lang='lat' dir='ltr'><strong>multam</strong></span> 
     </span>
     <span class='ocr_line' id='line_1_13' title="bbox 266 1891 715 1952; baseline -0.004 0"><span class='ocrx_word' id='word_1_96' title='bbox 266 1911 352 1952; x_wconf 89' lang='grc'>6616</span> <span class='ocrx_word' id='word_1_97' title='bbox 372 1891 501 1951; x_wconf 87' lang='grc'>66161616</span> <span class='ocrx_word' id='word_1_98' title='bbox 522 1893 553 1952; x_wconf 90' lang='grc'><strong>61</strong></span> <span class='ocrx_word' id='word_1_99' title='bbox 573 1899 715 1951; x_wconf 82' lang='lat' dir='ltr'><strong>amorem.</strong></span> 
     </span>
    </p>

    <p class='ocr_par' dir='ltr' id='par_1_8' title="bbox 305 1998 742 2073">
     <span class='ocr_line' id='line_1_14' title="bbox 305 1998 742 2073; baseline -0.005 -13"><span class='ocrx_word' id='word_1_100' title='bbox 305 1998 459 2073; x_wconf 83' lang='lat' dir='ltr'><strong>Coloniae,</strong></span> <span class='ocrx_word' id='word_1_101' title='bbox 482 2001 518 2059; x_wconf 92' lang='lat'><strong>11</strong></span> <span class='ocrx_word' id='word_1_102' title='bbox 540 1999 630 2061; x_wconf 89' lang='lat' dir='ltr'><strong>Mart.</strong></span> <span class='ocrx_word' id='word_1_103' title='bbox 653 2001 742 2060; x_wconf 83' lang='lat'>1582.</span> 
     </span>
    </p>
   </div>
   <div class='ocr_carea' id='block_1_7' title="bbox 1038 2107 1304 2279">
    <p class='ocr_par' dir='ltr' id='par_1_9' title="bbox 1038 2107 1304 2279">
     <span class='ocr_line' id='line_1_15' title="bbox 1038 2107 1304 2169; baseline 0.004 -2"><span class='ocrx_word' id='word_1_104' title='bbox 1038 2108 1121 2168; x_wconf 84' lang='lat' dir='ltr'><strong>Tuus</strong></span> <span class='ocrx_word' id='word_1_105' title='bbox 1143 2127 1178 2168; x_wconf 85' lang='lat' dir='ltr'><strong>ex</strong></span> <span class='ocrx_word' id='word_1_106' title='bbox 1199 2107 1304 2169; x_wconf 89' lang='lat' dir='ltr'><strong>animo</strong></span> 
     </span>
     <span class='ocr_line' id='line_1_16' title="bbox 1124 2215 1221 2279; baseline 0.021 -3"><span class='ocrx_word' id='word_1_107' title='bbox 1124 2216 1161 2276; x_wconf 83' lang='lat' dir='ltr'><strong>A.</strong></span> <span class='ocrx_word' id='word_1_108' title='bbox 1183 2215 1221 2279; x_wconf 80' lang='lat' dir='ltr'><strong>A.</strong></span> 
     </span>
    </p>
   </div>
   <div class='ocr_carea' id='block_1_8' title="bbox 725 2515 914 2525">
    <p class='ocr_par' dir='ltr' id='par_1_10' title="bbox 725 2515 914 2525">
     <span class='ocr_line' id='line_1_17' title="bbox 725 2515 914 2525; baseline 0.005 -1"><span class='ocrx_word' id='word_1_109' title='bbox 725 2515 914 2525; x_wconf 79' lang='lat' dir='ltr'><strong>n·—</strong></span> 
     </span>
    </p>
   </div>
   <div class='ocr_carea' id='block_1_9' title="bbox 266 2729 1215 2839">
    <p class='ocr_par' dir='ltr' id='par_1_11' title="bbox 266 2729 1215 2839">
     <span class='ocr_line' id='line_1_18' title="bbox 266 2729 1215 2839; baseline -0.001 -16"><span class='ocrx_word' id='word_1_110' title='bbox 266 2763 313 2823; x_wconf 83' lang='lat'><strong>57.</strong></span> <span class='ocrx_word' id='word_1_111' title='bbox 449 2761 499 2820; x_wconf 81' lang='lat' dir='ltr'><strong>Ad</strong></span> <span class='ocrx_word' id='word_1_112' title='bbox 517 2763 618 2837; x_wconf 78' lang='lat' dir='ltr'><strong>tapetes</strong></span> <span class='ocrx_word' id='word_1_113' title='bbox 637 2729 760 2836; x_wconf 43' lang='lat' dir='ltr'><strong>Factae}</strong></span> <span class='ocrx_word' id='word_1_114' title='bbox 783 2762 833 2839; x_wconf 82' lang='lat' dir='ltr'><strong>qai</strong></span> <span class='ocrx_word' id='word_1_115' title='bbox 849 2781 923 2821; x_wconf 83' lang='lat' dir='ltr'><strong>nanc</strong></span> <span class='ocrx_word' id='word_1_116' title='bbox 943 2762 1122 2839; x_wconf 67' lang='lat' dir='ltr'><strong>antwerpiae</strong></span> <span class='ocrx_word' id='word_1_117' title='bbox 1141 2771 1215 2822; x_wconf 83' lang='lat' dir='ltr'><strong>sant.</strong></span> 
     </span>
    </p>
   </div>
   <div class='ocr_carea' id='block_1_10' title="bbox 963 2937 1345 3015">
    <p class='ocr_par' dir='ltr' id='par_1_12' title="bbox 963 2937 1345 3015">
     <span class='ocr_line' id='line_1_19' title="bbox 963 2937 1345 3015; baseline 0.005 -17"><span class='ocrx_word' id='word_1_118' title='bbox 963 2937 1063 3015; x_wconf 81' lang='lat' dir='ltr'><strong>Korn,</strong></span> <span class='ocrx_word' id='word_1_119' title='bbox 1085 2939 1123 2999; x_wconf 93' lang='grc'><strong>16</strong></span> <span class='ocrx_word' id='word_1_120' title='bbox 1144 2937 1232 3001; x_wconf 78' lang='lat' dir='ltr'><strong>Febr.</strong></span> <span class='ocrx_word' id='word_1_121' title='bbox 1255 2939 1345 3000; x_wconf 85' lang='lat'>1582.</span> 
     </span>
    </p>
   </div>
   <div class='ocr_carea' id='block_1_11' title="bbox 264 3115 1394 4726">
    <p class='ocr_par' dir='ltr' id='par_1_13' title="bbox 264 3115 1394 4726">
     <span class='ocr_line' id='line_1_20' title="bbox 305 3115 1390 3196; baseline 0.004 -20"><span class='ocrx_word' id='word_1_122' title='bbox 305 3115 425 3178; x_wconf 91' lang='lat' dir='ltr'><strong>Domini</strong></span> <span class='ocrx_word' id='word_1_123' title='bbox 458 3120 489 3179; x_wconf 97' lang='grc'><strong>61</strong></span> <span class='ocrx_word' id='word_1_124' title='bbox 518 3117 616 3179; x_wconf 87' lang='grc'>661161.</span> <span class='ocrx_word' id='word_1_125' title='bbox 657 3116 757 3178; x_wconf 89' lang='lat' dir='ltr'><strong>Meam</strong></span> <span class='ocrx_word' id='word_1_126' title='bbox 777 3136 881 3177; x_wconf 89' lang='lat' dir='ltr'><strong>curam</strong></span> <span class='ocrx_word' id='word_1_127' title='bbox 902 3119 933 3176; x_wconf 91' lang='lat' dir='ltr'><strong>et</strong></span> <span class='ocrx_word' id='word_1_128' title='bbox 954 3116 1187 3178; x_wconf 88' lang='lat' dir='ltr'><strong>sollicitudinem</strong></span> <span class='ocrx_word' id='word_1_129' title='bbox 1207 3138 1263 3196; x_wconf 88' lang='lat' dir='ltr'><strong>pro</strong></span> <span class='ocrx_word' id='word_1_130' title='bbox 1284 3119 1390 3180; x_wconf 87' lang='grc'>661616</span> 
     </span>
     <span class='ocr_line' id='line_1_21' title="bbox 266 3226 1392 3304; baseline 0 -16"><span class='ocrx_word' id='word_1_131' title='bbox 266 3226 432 3288; x_wconf 87' lang='grc'>6661616616</span> <span class='ocrx_word' id='word_1_132' title='bbox 453 3227 569 3303; x_wconf 86' lang='lat' dir='ltr'><strong>patriae</strong></span> <span class='ocrx_word' id='word_1_133' title='bbox 590 3232 712 3288; x_wconf 89' lang='lat' dir='ltr'><strong>nostras</strong></span> <span class='ocrx_word' id='word_1_134' title='bbox 732 3245 794 3286; x_wconf 92' lang='lat' dir='ltr'><strong>non</strong></span> <span class='ocrx_word' id='word_1_135' title='bbox 815 3227 971 3304; x_wconf 84' lang='lat' dir='ltr'><strong>ignoratis.</strong></span> <span class='ocrx_word' id='word_1_136' title='bbox 1014 3227 1112 3298; x_wconf 82' lang='lat' dir='ltr'><strong>Quare</strong></span> <span class='ocrx_word' id='word_1_137' title='bbox 1133 3247 1201 3289; x_wconf 89' lang='lat' dir='ltr'><strong>cum</strong></span> <span class='ocrx_word' id='word_1_138' title='bbox 1215 3227 1392 3304; x_wconf 82' lang='lat' dir='ltr'><strong>intelligam</strong></span> 
     </span>
     <span class='ocr_line' id='line_1_22' title="bbox 264 3335 1388 3415; baseline 0.002 -19"><span class='ocrx_word' id='word_1_139' title='bbox 264 3354 325 3397; x_wconf 91' lang='lat' dir='ltr'><strong>non</strong></span> <span class='ocrx_word' id='word_1_140' title='bbox 345 3339 441 3396; x_wconf 87' lang='lat' dir='ltr'><strong>solum</strong></span> <span class='ocrx_word' id='word_1_141' title='bbox 460 3338 577 3415; x_wconf 79' lang='lat' dir='ltr'><strong>legatos</strong></span> <span class='ocrx_word' id='word_1_142' title='bbox 603 3336 738 3399; x_wconf 89' lang='lat' dir='ltr'><strong>omnium</strong></span> <span class='ocrx_word' id='word_1_143' title='bbox 759 3336 985 3412; x_wconf 89' lang='lat' dir='ltr'><strong>provinciarum</strong></span> <span class='ocrx_word' id='word_1_144' title='bbox 1007 3337 1059 3396; x_wconf 91' lang='lat' dir='ltr'><strong>sed</strong></span> <span class='ocrx_word' id='word_1_145' title='bbox 1082 3340 1113 3397; x_wconf 92' lang='lat' dir='ltr'><strong>et</strong></span> <span class='ocrx_word' id='word_1_146' title='bbox 1133 3336 1232 3413; x_wconf 92' lang='lat' dir='ltr'><strong>ipsum</strong></span> <span class='ocrx_word' id='word_1_147' title='bbox 1252 3335 1388 3398; x_wconf 81' lang='lat' dir='ltr'><strong>Alcaco·</strong></span> 
     </span>
     <span class='ocr_line' id='line_1_23' title="bbox 265 3445 1386 3523; baseline 0.001 -18"><span class='ocrx_word' id='word_1_148' title='bbox 265 3447 350 3505; x_wconf 89' lang='lat' dir='ltr'><strong>nium</strong></span> <span class='ocrx_word' id='word_1_149' title='bbox 370 3447 494 3505; x_wconf 87' lang='lat' dir='ltr'><strong>tandem</strong></span> <span class='ocrx_word' id='word_1_150' title='bbox 514 3447 713 3523; x_wconf 84' lang='lat' dir='ltr'><strong>Antverpiam</strong></span> <span class='ocrx_word' id='word_1_151' title='bbox 735 3446 908 3518; x_wconf 85' lang='lat' dir='ltr'><strong>advenisse,</strong></span> <span class='ocrx_word' id='word_1_152' title='bbox 930 3465 1036 3523; x_wconf 86' lang='lat' dir='ltr'><strong>resque</strong></span> <span class='ocrx_word' id='word_1_153' title='bbox 1056 3445 1089 3505; x_wconf 93' lang='lat' dir='ltr'><strong>in</strong></span> <span class='ocrx_word' id='word_1_154' title='bbox 1109 3466 1178 3506; x_wconf 88' lang='lat' dir='ltr'><strong>eum</strong></span> <span class='ocrx_word' id='word_1_155' title='bbox 1198 3449 1315 3506; x_wconf 87' lang='lat' dir='ltr'><strong>statum</strong></span> <span class='ocrx_word' id='word_1_156' title='bbox 1328 3465 1386 3506; x_wconf 84' lang='lat' dir='ltr'><strong>ve·</strong></span> 
     </span>
     <span class='ocr_line' id='line_1_24' title="bbox 265 3553 1391 3628; baseline 0 -14"><span class='ocrx_word' id='word_1_157' title='bbox 265 3553 361 3628; x_wconf 84' lang='lat' dir='ltr'><strong>norit,</strong></span> <span class='ocrx_word' id='word_1_158' title='bbox 393 3556 429 3613; x_wconf 88' lang='lat' dir='ltr'><strong>ut</strong></span> <span class='ocrx_word' id='word_1_159' title='bbox 449 3553 485 3613; x_wconf 92' lang='lat' dir='ltr'><strong>de</strong></span> <span class='ocrx_word' id='word_1_160' title='bbox 507 3573 624 3613; x_wconf 88' lang='lat' dir='ltr'><strong>summa</strong></span> <span class='ocrx_word' id='word_1_161' title='bbox 650 3573 750 3613; x_wconf 90' lang='lat' dir='ltr'><strong>rerum</strong></span> <span class='ocrx_word' id='word_1_162' title='bbox 771 3573 851 3613; x_wconf 92' lang='lat' dir='ltr'><strong>nunc</strong></span> <span class='ocrx_word' id='word_1_163' title='bbox 872 3554 1052 3614; x_wconf 90' lang='lat' dir='ltr'><strong>consultatio</strong></span> <span class='ocrx_word' id='word_1_164' title='bbox 1081 3555 1112 3614; x_wconf 91' lang='lat' dir='ltr'><strong>et</strong></span> <span class='ocrx_word' id='word_1_165' title='bbox 1132 3553 1283 3614; x_wconf 89' lang='lat' dir='ltr'><strong>conclusio</strong></span> <span class='ocrx_word' id='word_1_166' title='bbox 1303 3553 1391 3614; x_wconf 89' lang='lat' dir='ltr'><strong>inter</strong></span> 
     </span>
     <span class='ocr_line' id='line_1_25' title="bbox 265 3660 1391 3741; baseline -0.001 -18"><span class='ocrx_word' id='word_1_167' title='bbox 265 3679 321 3724; x_wconf 85' lang='lat' dir='ltr'><strong>vos</strong></span> <span class='ocrx_word' id='word_1_168' title='bbox 351 3660 489 3721; x_wconf 85' lang='lat' dir='ltr'><strong>habenda</strong></span> <span class='ocrx_word' id='word_1_169' title='bbox 519 3660 715 3738; x_wconf 86' lang='lat' dir='ltr'><strong>faciendaque</strong></span> <span class='ocrx_word' id='word_1_170' title='bbox 741 3662 799 3735; x_wconf 90' lang='lat' dir='ltr'><strong>sit,</strong></span> <span class='ocrx_word' id='word_1_171' title='bbox 830 3666 967 3722; x_wconf 89' lang='lat' dir='ltr'><strong>amanter</strong></span> <span class='ocrx_word' id='word_1_172' title='bbox 998 3680 1052 3724; x_wconf 84' lang='lat' dir='ltr'><strong>vos</strong></span> <span class='ocrx_word' id='word_1_173' title='bbox 1083 3665 1206 3741; x_wconf 83' lang='lat' dir='ltr'><strong>rogatos</strong></span> <span class='ocrx_word' id='word_1_174' title='bbox 1229 3665 1261 3722; x_wconf 88' lang='lat' dir='ltr'><strong>et</strong></span> <span class='ocrx_word' id='word_1_175' title='bbox 1280 3662 1391 3722; x_wconf 91' lang='lat' dir='ltr'><strong>admo·</strong></span> 
     </span>
     <span class='ocr_line' id='line_1_26' title="bbox 266 3769 1393 3848; baseline 0.003 -18"><span class='ocrx_word' id='word_1_176' title='bbox 266 3771 347 3830; x_wconf 88' lang='lat' dir='ltr'><strong>nitos</strong></span> <span class='ocrx_word' id='word_1_177' title='bbox 378 3769 486 3844; x_wconf 82' lang='lat' dir='ltr'><strong>uelim,</strong></span> <span class='ocrx_word' id='word_1_178' title='bbox 525 3786 585 3845; x_wconf 91' lang='lat' dir='ltr'><strong>quo</strong></span> <span class='ocrx_word' id='word_1_179' title='bbox 618 3769 656 3829; x_wconf 91' lang='lat' dir='ltr'><strong>ad</strong></span> <span class='ocrx_word' id='word_1_180' title='bbox 690 3769 791 3829; x_wconf 89' lang='lat' dir='ltr'><strong>omnia</strong></span> <span class='ocrx_word' id='word_1_181' title='bbox 824 3789 900 3848; x_wconf 90' lang='lat' dir='ltr'><strong>quae</strong></span> <span class='ocrx_word' id='word_1_182' title='bbox 930 3773 1137 3847; x_wconf 90' lang='lat' dir='ltr'><strong>proponentur</strong></span> <span class='ocrx_word' id='word_1_183' title='bbox 1170 3769 1330 3848; x_wconf 82' lang='lat' dir='ltr'><strong>diligenter</strong></span> <span class='ocrx_word' id='word_1_184' title='bbox 1357 3775 1393 3833; x_wconf 92' lang='grc'><strong>61</strong></span> 
     </span>
     <span class='ocr_line' id='line_1_27' title="bbox 266 3879 1393 3952; baseline 0.002 -14"><span class='ocrx_word' id='word_1_185' title='bbox 266 3880 406 3939; x_wconf 90' lang='grc'>66661616</span> <span class='ocrx_word' id='word_1_186' title='bbox 444 3879 627 3952; x_wconf 89' lang='lat' dir='ltr'><strong>attendatis,</strong></span> <span class='ocrx_word' id='word_1_187' title='bbox 665 3899 702 3939; x_wconf 92' lang='lat' dir='ltr'><strong>ne</strong></span> <span class='ocrx_word' id='word_1_188' title='bbox 735 3897 889 3940; x_wconf 88' lang='lat' dir='ltr'><strong>assensum</strong></span> <span class='ocrx_word' id='word_1_189' title='bbox 920 3882 1055 3942; x_wconf 88' lang='lat' dir='ltr'><strong>vestrum</strong></span> <span class='ocrx_word' id='word_1_190' title='bbox 1091 3881 1125 3940; x_wconf 90' lang='lat' dir='ltr'><strong>in</strong></span> <span class='ocrx_word' id='word_1_191' title='bbox 1158 3881 1222 3940; x_wconf 89' lang='grc'>6116</span> <span class='ocrx_word' id='word_1_192' title='bbox 1257 3899 1291 3940; x_wconf 86' lang='grc'><strong>16</strong></span> <span class='ocrx_word' id='word_1_193' title='bbox 1325 3879 1393 3940; x_wconf 85' lang='grc'>6161</span> 
     </span>
     <span class='ocr_line' id='line_1_28' title="bbox 267 3986 1391 4066; baseline 0.004 -19"><span class='ocrx_word' id='word_1_194' title='bbox 267 3988 349 4065; x_wconf 83' lang='lat' dir='ltr'><strong>prius</strong></span> <span class='ocrx_word' id='word_1_195' title='bbox 379 3986 454 4047; x_wconf 92' lang='lat' dir='ltr'><strong>bene</strong></span> <span class='ocrx_word' id='word_1_196' title='bbox 481 3988 603 4066; x_wconf 86' lang='lat' dir='ltr'><strong>cognita</strong></span> <span class='ocrx_word' id='word_1_197' title='bbox 623 3986 770 4048; x_wconf 89' lang='lat' dir='ltr'><strong>Ordinum</strong></span> <span class='ocrx_word' id='word_1_198' title='bbox 791 3992 964 4050; x_wconf 88' lang='lat' dir='ltr'><strong>nostrorum</strong></span> <span class='ocrx_word' id='word_1_199' title='bbox 987 4008 1125 4066; x_wconf 83' lang='lat' dir='ltr'><strong>expressa</strong></span> <span class='ocrx_word' id='word_1_200' title='bbox 1146 3989 1306 4052; x_wconf 83' lang='lat' dir='ltr'><strong>voluntate</strong></span> <span class='ocrx_word' id='word_1_201' title='bbox 1330 3991 1391 4050; x_wconf 86' lang='lat' dir='ltr'><strong>ad-</strong></span> 
     </span>
     <span class='ocr_line' id='line_1_29' title="bbox 266 4096 1389 4178; baseline 0.004 -22"><span class='ocrx_word' id='word_1_202' title='bbox 266 4096 411 4172; x_wconf 88' lang='lat' dir='ltr'><strong>hibeatis,</strong></span> <span class='ocrx_word' id='word_1_203' title='bbox 432 4116 528 4175; x_wconf 89' lang='lat' dir='ltr'><strong>neque</strong></span> <span class='ocrx_word' id='word_1_204' title='bbox 547 4097 580 4157; x_wconf 93' lang='lat' dir='ltr'><strong>hi</strong></span> <span class='ocrx_word' id='word_1_205' title='bbox 601 4098 694 4158; x_wconf 91' lang='lat' dir='ltr'><strong>etiam</strong></span> <span class='ocrx_word' id='word_1_206' title='bbox 716 4117 888 4175; x_wconf 79' lang='lat' dir='ltr'><strong>aequares</strong></span> <span class='ocrx_word' id='word_1_207' title='bbox 910 4098 1072 4176; x_wconf 90' lang='lat' dir='ltr'><strong>quicquam</strong></span> <span class='ocrx_word' id='word_1_208' title='bbox 1092 4099 1306 4172; x_wconf 87' lang='lat' dir='ltr'><strong>committatis,</strong></span> <span class='ocrx_word' id='word_1_209' title='bbox 1322 4118 1389 4178; x_wconf 89' lang='lat' dir='ltr'><strong>quc</strong></span> 
     </span>
     <span class='ocr_line' id='line_1_30' title="bbox 265 4206 1394 4285; baseline 0.001 -19"><span class='ocrx_word' id='word_1_210' title='bbox 265 4206 366 4284; x_wconf 89' lang='lat' dir='ltr'><strong>aliquo</strong></span> <span class='ocrx_word' id='word_1_211' title='bbox 387 4206 474 4267; x_wconf 91' lang='lat' dir='ltr'><strong>modo</strong></span> <span class='ocrx_word' id='word_1_212' title='bbox 497 4208 530 4268; x_wconf 91' lang='lat' dir='ltr'><strong>in</strong></span> <span class='ocrx_word' id='word_1_213' title='bbox 550 4208 768 4285; x_wconf 88' lang='lat' dir='ltr'><strong>praejudicium</strong></span> <span class='ocrx_word' id='word_1_214' title='bbox 788 4208 940 4269; x_wconf 88' lang='lat' dir='ltr'><strong>libertatis</strong></span> <span class='ocrx_word' id='word_1_215' title='bbox 960 4210 1081 4269; x_wconf 91' lang='lat' dir='ltr'><strong>nostrae</strong></span> <span class='ocrx_word' id='word_1_216' title='bbox 1102 4210 1135 4269; x_wconf 92' lang='lat' dir='ltr'><strong>in</strong></span> <span class='ocrx_word' id='word_1_217' title='bbox 1156 4210 1295 4269; x_wconf 88' lang='lat' dir='ltr'><strong>tnturum</strong></span> <span class='ocrx_word' id='word_1_218' title='bbox 1318 4227 1394 4268; x_wconf 80' lang='grc'>161-</span> 
     </span>
     <span class='ocr_line' id='line_1_31' title="bbox 265 4307 1393 4394; baseline 0.004 -20"><span class='ocrx_word' id='word_1_219' title='bbox 265 4335 334 4394; x_wconf 84' lang='lat' dir='ltr'><strong>gere</strong></span> <span class='ocrx_word' id='word_1_220' title='bbox 364 4317 474 4393; x_wconf 86' lang='lat' dir='ltr'><strong>possit,</strong></span> <span class='ocrx_word' id='word_1_221' title='bbox 506 4335 544 4377; x_wconf 90' lang='lat' dir='ltr'><strong>ne</strong></span> <span class='ocrx_word' id='word_1_222' title='bbox 574 4336 635 4378; x_wconf 91' lang='lat' dir='ltr'><strong>non</strong></span> <span class='ocrx_word' id='word_1_223' title='bbox 666 4318 820 4378; x_wconf 88' lang='lat' dir='ltr'><strong>meliorem</strong></span> <span class='ocrx_word' id='word_1_224' title='bbox 851 4307 921 4394; x_wconf 87' lang='lat' dir='ltr'><strong>post</strong></span> <span class='ocrx_word' id='word_1_225' title='bbox 952 4318 1088 4379; x_wconf 89' lang='lat' dir='ltr'><strong>infinitas</strong></span> <span class='ocrx_word' id='word_1_226' title='bbox 1122 4318 1312 4380; x_wconf 82' lang='lat' dir='ltr'><strong>calamitates</strong></span> <span class='ocrx_word' id='word_1_227' title='bbox 1333 4319 1393 4378; x_wconf 89' lang='lat' dir='ltr'><strong>sed</strong></span> 
     </span>
     <span class='ocr_line' id='line_1_32' title="bbox 266 4411 1390 4505; baseline 0.004 -21"><span class='ocrx_word' id='word_1_228' title='bbox 266 4425 445 4486; x_wconf 88' lang='lat' dir='ltr'><strong>deteriorem</strong></span> <span class='ocrx_word' id='word_1_229' title='bbox 475 4411 691 4504; x_wconf 87' lang='lat' dir='ltr'><strong>rempublicam</strong></span> <span class='ocrx_word' id='word_1_230' title='bbox 722 4431 861 4489; x_wconf 90' lang='lat' dir='ltr'><strong>nostram</strong></span> <span class='ocrx_word' id='word_1_231' title='bbox 892 4427 1084 4489; x_wconf 89' lang='lat' dir='ltr'><strong>constituisse</strong></span> <span class='ocrx_word' id='word_1_232' title='bbox 1115 4427 1245 4505; x_wconf 90' lang='lat' dir='ltr'><strong>posteris</strong></span> <span class='ocrx_word' id='word_1_233' title='bbox 1270 4427 1390 4489; x_wconf 85' lang='lat' dir='ltr'><strong>nostris</strong></span> 
     </span>
     <span class='ocr_line' id='line_1_33' title="bbox 265 4535 1389 4615; baseline 0 -20"><span class='ocrx_word' id='word_1_234' title='bbox 265 4535 429 4595; x_wconf 87' lang='lat' dir='ltr'><strong>videamur.</strong></span> <span class='ocrx_word' id='word_1_235' title='bbox 471 4536 616 4615; x_wconf 90' lang='lat' dir='ltr'><strong>Precipue</strong></span> <span class='ocrx_word' id='word_1_236' title='bbox 643 4557 690 4596; x_wconf 94' lang='lat' dir='ltr'><strong>me</strong></span> <span class='ocrx_word' id='word_1_237' title='bbox 719 4536 811 4596; x_wconf 88' lang='lat' dir='ltr'><strong>afficit</strong></span> <span class='ocrx_word' id='word_1_238' title='bbox 839 4538 990 4614; x_wconf 87' lang='lat' dir='ltr'><strong>separatio</strong></span> <span class='ocrx_word' id='word_1_239' title='bbox 1019 4537 1199 4598; x_wconf 87' lang='lat' dir='ltr'><strong>Hellandiae</strong></span> <span class='ocrx_word' id='word_1_240' title='bbox 1232 4556 1251 4597; x_wconf 90' lang='lat' dir='ltr'><strong>a</strong></span> <span class='ocrx_word' id='word_1_241' title='bbox 1282 4536 1389 4613; x_wconf 89' lang='lat' dir='ltr'><strong>patria</strong></span> 
     </span>
     <span class='ocr_line' id='line_1_34' title="bbox 266 4643 1390 4726; baseline 0 -20"><span class='ocrx_word' id='word_1_242' title='bbox 266 4645 380 4706; x_wconf 86' lang='lat' dir='ltr'><strong>uestra.</strong></span> <span class='ocrx_word' id='word_1_243' title='bbox 422 4644 571 4708; x_wconf 87' lang='lat' dir='ltr'><strong>Poterunt</strong></span> <span class='ocrx_word' id='word_1_244' title='bbox 591 4648 694 4707; x_wconf 85' lang='lat' dir='ltr'><strong>tamen</strong></span> <span class='ocrx_word' id='word_1_245' title='bbox 707 4645 879 4726; x_wconf 83' lang='lat' dir='ltr'><strong>hujusmodi</strong></span> <span class='ocrx_word' id='word_1_246' title='bbox 893 4646 1080 4709; x_wconf 85' lang='lat' dir='ltr'><strong>conditiones</strong></span> <span class='ocrx_word' id='word_1_247' title='bbox 1093 4646 1176 4707; x_wconf 84' lang='lat' dir='ltr'><strong>inter</strong></span> <span class='ocrx_word' id='word_1_248' title='bbox 1189 4643 1390 4706; x_wconf 87' lang='lat' dir='ltr'><strong>Hollandiam</strong></span> 
     </span>
    </p>
   </div>
   <div class='ocr_carea' id='block_1_12' title="bbox 0 0 1515 5360">
    <p class='ocr_par' dir='ltr' id='par_1_14' title="bbox 0 0 1515 5360">
     <span class='ocr_line' id='line_1_35' title="bbox 0 0 1515 5360; baseline 0 0"><span class='ocrx_word' id='word_1_249' title='bbox 0 0 1515 5360; x_wconf 95' lang='lat' dir='ltr'><strong> </strong></span> 
     </span>
    </p>
   </div>
  </div>
 </body>
</html>
