3020 5360
524 535 682 580 amaraco
702 537 835 592 sormi.
1181 523 1238 584 113

118 713 184 756 sem
205 696 239 755 iu
258 696 339 756 hunc
359 697 482 756 modum
507 696 546 755 ad
568 700 598 756 tc
623 698 812 774 scripseram
834 716 888 760 vos
908 699 1100 760 vehementer
1114 700 1243 760 contris·
1360 743 1362 748 -

118 808 203 866 tates
234 818 266 866 et
292 806 487 883 perturbatos
513 825 577 867 esse
603 827 665 868 uon
679 808 812 881 dubito,
846 812 879 868 at
909 808 981 885 quia
1011 809 1066 868 hoc
1084 809 1148 885 jam
1169 811 1241 869 ante

116 915 170 976 vel
192 914 287 974 similo
311 914 424 990 aliquid
445 933 481 974 ex
505 915 604 993 gratia
627 915 684 975 Dei
708 915 861 991 praevidi,
889 934 951 975 nou
974 916 1073 974 solum
1093 915 1124 974 id
1146 935 1241 994 aequo

118 1023 223 1084 auimo
246 1023 325 1096 fero,
349 1024 401 1084 sed
423 1024 517 1084 etiam
537 1025 634 1084 laetor
655 1027 719 1085 tam
739 1025 800 1084 cito
821 1024 1007 1102 patefactum
1026 1043 1098 1084 osse.
1138 1022 1241 1102 Longa

116 1152 201 1194 nunc
221 1133 367 1208 majoram
390 1152 474 1209 spem
493 1133 588 1193 habeo
610 1137 646 1193 ut
667 1134 755 1194 malis
768 1133 881 1194 nostris
895 1134 978 1193 Deus
992 1133 1081 1193 finem
1093 1131 1240 1210 imponat,

117 1261 213 1320 quam
235 1242 332 1300 autea.
374 1240 454 1300 Nam
478 1241 510 1300 in
534 1260 568 1301 eo
588 1260 750 1316 persuasus
773 1260 888 1318 semper
909 1242 970 1316 fui,
992 1243 1072 1301 sicut
1093 1261 1129 1301 ex
1143 1241 1240 1302 literis

116 1349 196 1410 meis
218 1351 289 1408 olim
310 1349 493 1428 cognovisti,
514 1370 575 1410 nou
597 1369 659 1411 esse
680 1351 738 1411 Dei
759 1352 963 1427 voluntatem,
995 1354 1032 1410 ut
1051 1351 1106 1410 illa
1125 1351 1240 1411 familia

116 1460 307 1520 exaltaretur
338 1460 387 1520 vel
419 1459 505 1520 nobis
537 1460 715 1536 imperaret,
736 1463 768 1520 et
795 1463 897 1520 tamen
918 1459 956 1518 ob
975 1460 1055 1519 hunc
1075 1459 1240 1537 prinoipem

116 1588 212 1646 quam
234 1569 367 1629 infinitas
392 1570 580 1630 calamitates
604 1570 670 1645 pati
690 1569 863 1642 debuimus,
891 1569 952 1629 imo
974 1587 1065 1646 quam
1085 1589 1147 1632 uon
1166 1570 1239 1646 ipsi·

115 1682 184 1739 met
203 1679 256 1738 alii
276 1680 344 1740 aliis
367 1680 468 1740 hostes
492 1679 618 1754 fuimus,
639 1679 783 1740 victorias
804 1680 939 1739 volentos
962 1697 1050 1754 saepe
1074 1677 1238 1751 amisimus,

115 1792 155 1848 ut
177 1792 309 1849 extrema
331 1789 453 1849 tandem
474 1788 654 1850 necessitate
676 1789 772 1849 coacti
795 1789 834 1847 ad
859 1787 1011 1866 egregium
1032 1787 1119 1846 illum
1133 1789 1239 1848 ducem

116 1899 356 1977 confugeremus.
399 1898 484 1970 Quod
505 1899 642 1977 ignoscat
662 1899 743 1959 Deus
767 1897 805 1957 iis
834 1898 887 1974 qui
911 1916 945 1957 eo
969 1915 1093 1973 scopum
1115 1915 1239 1956 suorum

116 2008 311 2068 consiliorum
338 2007 525 2080 direxerunt,
547 2009 658 2084 quique
682 2009 868 2068 authoritate
889 2007 1019 2082 praediti
1041 2006 1168 2067 aliorum
1191 2025 1239 2066 sa·

115 2117 208 2177 niora
228 2119 349 2196 Deoque
377 2118 513 2196 gratiora
536 2117 660 2178 consilia
686 2120 867 2193 respuerunt
891 2121 922 2176 ot
947 2119 1137 2193 superarunt.
1180 2115 1239 2175 Sed

117 2227 155 2286 dc
178 2227 224 2285 his
248 2226 363 2286 frustra
391 2227 456 2302 jam
477 2245 651 2303 conqueror.
693 2225 817 2285 Utinam
846 2223 973 2285 Ordines
993 2225 1091 2285 nostri
1113 2225 1238 2301 posthac

115 2337 216 2416 magis
252 2337 289 2394 ad
320 2336 435 2410 Deum,
467 2354 557 2412 quam
589 2336 627 2394 ad
658 2309 792 2395 homines
816 2335 963 2411 respicere
984 2333 1119 2406 discant,
1140 2334 1237 2394 vulsi

116 2446 241 2505 omnino
264 2446 399 2504 homiues
419 2446 591 2524 negligendi
611 2464 672 2506 non
696 2445 773 2517 sint,
801 2445 941 2521 placeant
964 2443 1025 2502 illis
1047 2443 1163 2520 potius,
1184 2443 1237 2519 qui

116 2557 247 2614 suntor
272 2573 326 2614 suo
347 2555 468 2632 proprio
491 2556 649 2632 sauguine,
682 2574 773 2631 quam
793 2553 846 2631 qui
869 2575 906 2614 ex
929 2554 1042 2626 alieno,
1068 2553 1120 2630 qui
1141 2552 1184 2629 pii
1200 2555 1237 2612 et

116 2665 233 2724 virtute
255 2665 365 2741 prediti
389 2668 477 2737 suut,
499 2683 590 2741 quam
613 2663 665 2740 qui
689 2663 772 2722 athei
799 2666 831 2721 et
853 2662 983 2740 improbi
1004 2665 1093 2736 sunt,
1115 2662 1234 2722 etiamsi

70 2839 73 2844 ,
114 2771 256 2849 potentia
282 2778 313 2833 et
329 2774 500 2834 nobilitate
530 2773 650 2833 omnino
683 2773 812 2849 impares
837 2773 979 2832 existant.
1020 2772 1061 2832 Et
1083 2771 1234 2847 scriptura

77 2903 85 2918 ⁸
116 2883 252 2942 ostendit
270 2886 301 2942 et
322 2885 405 2944 astra
425 2883 596 2960 significant
616 2885 735 2957 tempus
756 2881 887 2954 instare,
920 2899 979 2957 quo
1000 2881 1098 2956 pietas
1122 2883 1152 2940 et
1168 2880 1236 2956 jus·

115 2991 190 3053 titia
209 2992 388 3068 regnabunt.
431 2991 618 3068 Quapropter
638 2991 717 3050 solos
737 2993 907 3050 reverentes
928 2989 976 3049 sui
996 2989 1137 3064 respiciet
1150 2991 1234 3065 post·

113 3102 175 3160 hac
197 3103 359 3175 Dominus,
381 3103 456 3162 alios
481 3120 583 3161 omnes
604 3120 676 3161 vero
697 3121 712 3160 e
733 3101 830 3158 medio
858 3099 925 3159 tolli
947 3101 1082 3176 oportet,
1104 3098 1233 3156 exsicca·

114 3215 202 3274 bitur
230 3233 372 3292 magnum
402 3214 478 3272 illud
509 3213 620 3270 fiumen
647 3209 811 3286 Euphratis
834 3208 941 3285 (bello,
962 3211 1065 3284 peste,
1086 3207 1177 3280 fame)
1198 3210 1235 3265 ut

113 3326 313 3400 praeparatur
330 3324 380 3385 via
400 3322 521 3400 regibus
538 3321 577 3380 ab
598 3323 668 3379 ortu
690 3321 777 3393 solis,
800 3320 855 3378 hoo
870 3321 930 3390 cst,
945 3317 1002 3394 piis
1018 3320 1048 3376 ot
1062 3315 1234 3375 christianis

101 3433 361 3510 magistratibus,
392 3431 598 3505 ministrisque
630 3429 771 3488 ecclcsiae
801 3428 868 3486 Dei.
910 3427 1059 3485 Idunum
1078 3444 1159 3484 nuno
1179 3443 1233 3484 vos

111 3542 286 3602 admonitos
307 3545 338 3600 ct
358 3542 479 3618 rogatos
499 3539 606 3612 velim,
638 3559 675 3598 no
696 3539 760 3597 ulla
779 3538 975 3614 promissione
996 3536 1044 3597 vel
1069 3535 1160 3594 ullius
1181 3554 1233 3611 pc·

111 3647 214 3712 riculi'
234 3654 316 3710 metu
345 3651 383 3709 ad
410 3670 478 3710 eum
504 3649 708 3726 recipiendum
736 3649 838 3707 induci
866 3666 919 3708 vos
950 3645 1075 3717 sinatis,
1103 3665 1173 3704 nam
1208 3645 1233 3704 si
1273 3713 1284 3724 ἱ

111 3765 172 3822 hoc
192 3763 306 3821 lactum
326 3761 433 3834 fue1it,
455 3759 576 3819 omnino
596 3760 699 3817 metuo
713 3758 823 3816 illustr.
839 3747 966 3832 principi
980 3755 1128 3828 Auraioo,
1144 3773 1232 3831 quem

112 3876 178 3952 jam
199 3874 306 3948 quarto
328 3869 409 3929 Deus
429 3869 603 3940 admonuit,
625 3888 712 3928 suum
726 3867 820 3943 ipsius
834 3885 895 3926 uon
909 3866 1064 3925 hominum
1076 3863 1232 3941 nogotium
1268 3901 1273 3910 ι

113 3982 181 4060 agi,
212 3981 319 4040 deinde
349 3979 434 4040 vobis
466 3977 620 4051 omnibus,
652 3977 704 4052 qui
734 3996 835 4036 rerum
865 3975 1069 4054 gubernacula
1088 3973 1232 4033 obtinetis

102 4093 274 4152 'exitiosum
296 4091 384 4151 finem
404 4109 422 4149 a
441 4090 506 4149 Deo
526 4088 698 4162 imminere,
717 4107 771 4146 nco
792 4089 894 4146 tamon
914 4085 965 4157 ille
986 4084 1036 4145 rel
1063 4083 1091 4142 ei
1111 4083 1171 4142 alio
1192 4082 1232 4141 si-

112 4201 196 4261 milis
215 4201 363 4260 Dominus
384 4202 488 4260 noster
508 4216 668 4258 mansurus
689 4199 750 4268 est,
783 4195 872 4255 modo
904 4212 965 4252 non
985 4210 1106 4268 prorsus
1127 4210 1146 4249 a
1166 4191 1231 4251 Deo

112 4310 220 4386 rejecti
247 4310 350 4370 simus.
390 4308 460 4369 Nou
484 4326 551 4367 sum
572 4304 693 4382 quidem
714 4302 862 4380 propheta
881 4319 935 4360 neo
957 4298 1120 4376 prophetae
1141 4299 1230 4370 filius,

112 4423 270 4494 attamen,
292 4419 317 4479 si
338 4437 412 4495 opus
434 4420 499 4490 est,
523 4435 558 4474 ex
590 4434 675 4475 sacra
705 4413 856 4488 scriptura
877 4429 946 4470 sane
966 4406 1121 4466 intellecta
1144 4407 1175 4467 ot
1195 4425 1231 4464 ex

112 4529 287 4589 conditione
318 4527 479 4604 temporis,
509 4524 543 4583 in
576 4542 636 4600 quo
670 4540 790 4596 sumus,
822 4519 980 4580 manifeste
1002 4516 1034 4575 id
1060 4514 1140 4592 quod
1164 4513 1230 4573 dico

112 4637 272 4702 ostendere
305 4640 420 4714 potero.
471 4635 644 4694 Praestarot
678 4649 733 4690 nos
765 4629 851 4707 quasi
871 4629 904 4688 iu
931 4628 1104 4703 interregno
1128 4623 1229 4699 aliquo
