3028 5348
645 481 707 524 1111

396 644 481 716 tilla,
512 642 701 716 Alanoonio,
733 641 823 702 rebus
848 642 963 704 bellicis
985 645 1144 708 Winsemii
1165 669 1235 726 pro·

395 753 567 826 movendis,
593 752 669 812 actis
690 750 929 828 pacificationis,
950 755 1103 832 discursu,
1126 758 1163 819 D.
1180 759 1236 818 Sa·

391 863 497 922 muelis
518 862 639 935 libelle,
661 861 830 923 Nienortio.

257 970 384 1047 9April.
397 971 526 1032 Domino
546 971 638 1031 Petro
661 970 928 1050 Hyperphragmo,
949 972 995 1033 De
1010 975 1159 1051 patientia
1172 980 1237 1039 tam

395 1080 429 1140 in
449 1079 591 1142 humanis
611 1099 702 1157 quam
722 1080 758 1139 in
779 1081 906 1155 divinis,
929 1101 1019 1142 cansa
1039 1086 1143 1146 tantae
1164 1105 1236 1146 con·

397 1188 525 1250 fusionis
556 1193 620 1250 tam
652 1189 685 1252 in
716 1190 861 1266 ecclesia,
889 1210 980 1267 qnam
1010 1190 1044 1250 in
1071 1192 1235 1270 republica.

397 1298 551 1370 Quomodo
582 1299 649 1376 quis
681 1317 712 1359 se
733 1299 813 1360 circa
834 1299 1035 1361 dissensiones
1054 1301 1164 1362 habere
1184 1302 1236 1363 de·

397 1408 478 1468 beat.
501 1408 733 1469 Calamitatibns
748 1412 922 1470 nostrornm
934 1412 1113 1489 temporum.
1134 1411 1236 1472 Poena

398 1518 585 1592 animarum,
607 1518 733 1578 consilio
755 1518 788 1579 in
810 1519 1026 1581 ecclesiasticis.

239 1626 279 1687 26
290 1626 381 1688 Mart.
403 1626 597 1704 (Paschatis).
639 1627 762 1688 Oonsnli
783 1627 984 1690 (landavensi.
1006 1630 1051 1690 De
1062 1630 1160 1691 causis
1173 1630 1235 1691 dis·

398 1737 593 1815 putationum
615 1740 647 1798 et
668 1738 888 1798 dissensionum
909 1739 941 1798 in
962 1758 1054 1799 ceusu
1072 1738 1235 1817 religionis.

396 1846 517 1907 Judicio
549 1867 586 1907 ex
616 1848 716 1909 verbis
747 1848 915 1925 sciipturae
944 1850 976 1908 et
997 1869 1033 1909 ex
1053 1848 1235 1910 revelatione

398 1955 511 2017 divina.
533 1955 614 2017 Luce
636 1957 769 2016 humana
788 1962 820 2018 et
840 1958 952 2019 divina.
980 1957 1235 2035 Interpretctioua

398 2065 582 2143 scripturae,
603 2086 639 2127 ex
659 2067 821 2145 semetipso
842 2071 962 2142 sancto,
983 2068 1107 2128 notione
1121 2067 1235 2127 utrius·

397 2195 471 2252 que,
501 2174 647 2236 ministris
679 2176 843 2255 evangelii,
873 2175 1020 2236 ministris
1053 2173 1234 2251 scripturae,

341 2331 344 2340 .
398 2301 491 2343 causa
511 2284 754 2361 disputationum
775 2293 804 2346 et
824 2285 1067 2359 contentionum,
1099 2301 1234 2345 errorum

399 2395 431 2453 ct
459 2393 652 2470 opinionum,
684 2394 887 2456 sollicitudine
907 2393 1059 2468 Albadae,
1080 2391 1234 2471 religionis

397 2502 626 2576 reformatione,
648 2522 784 2564 errorum
805 2505 837 2563 at
849 2503 999 2564 abusunm
1012 2501 1230 2580 patefactione,

397 2629 486 2671 verae
507 2611 631 2688 pietatis
652 2615 684 2672 et
700 2611 839 2688 justitiae
859 2611 984 2691 origine.
1026 2611 1103 2682 Quid
1126 2610 1159 2671 in
1180 2628 1233 2687 po-

363 2705 365 2710 ’
398 2717 491 2779 liticis
512 2719 569 2779 hoc
581 2722 716 2796 tempore
729 2720 877 2797 expediat.

238 2828 278 2886 26
288 2827 371 2887 Maii.
392 2827 554 2926 Deputatis
575 2827 699 2888 Frisios.
740 2828 785 2889 De
802 2828 983 2905 Alanzonio,
996 2829 1165 2890 mutatione
1178 2827 1233 2888 do·

397 2937 498 3012 minii,
523 2937 745 2998 conditionibus
768 2937 977 2998 ecclesiasticis
1000 2938 1103 3012 bonis,
1128 2957 1233 2998 mnne·

397 3047 481 3107 ribus
512 3049 545 3107 et
575 3047 692 3124 officiis,
723 3047 922 3127 vectigalibus
952 3047 1142 3123 attributis,
1163 3065 1234 3106 con·

394 3155 552 3232 junctione
573 3156 729 3230 ordinum,
751 3157 788 3217 de
809 3174 863 3216 suo
885 3155 992 3232 cuique
1014 3153 1111 3215 ordini
1121 3155 1233 3215 honore

397 3265 609 3343 relinquendo,
630 3285 721 3327 causa
738 3266 897 3340 malorum,
915 3264 1068 3343 religionis
1080 3262 1232 3340 libertate,

397 3375 518 3452 publico
541 3375 700 3450 exercitio,
720 3374 963 3437 contentionibus
983 3371 1131 3449 vitandis,
1156 3373 1233 3432 elec·

398 3486 480 3558 tione
500 3490 624 3547 senatus
642 3503 678 3546 ex
699 3485 870 3558 ordinibus,
890 3484 1006 3546 duobus
1019 3488 1122 3546 tamen
1135 3485 1233 3544 exter·

397 3593 460 3668 nis,
492 3595 660 3673 deputatis,
692 3595 838 3656 advocato
870 3594 986 3672 patriae
1017 3613 1086 3654 cum
1117 3609 1233 3653 annexa

396 3722 502 3780 cansa,
525 3705 646 3766 secretis
668 3704 915 3776 alienationibus,
938 3703 1050 3782 apertis
1064 3700 1232 3762 contentio·

397 3812 504 3888 nibus,
526 3813 713 3873 Hollandicis
734 3811 899 3890 praesidiis.

239 3921 276 3980 ll
288 3920 383 3981 Junii.
395 3921 489 4000 (topia
505 3922 732 3982 credentialium
753 3924 793 3982 ad
806 3921 961 3980 dominum
971 3920 1009 3980 de
1023 3920 1132 3993 Milon,
1145 3935 1231 3995 prae·

396 4029 490 4090 sidem
511 4029 700 4089 Hollandiae.

241 4139 278 4198 12
288 4137 381 4198 Junii.
392 4137 595 4200 Gubernatori
622 4138 742 4200 domino
774 4140 914 4201 Merodae
935 4141 967 4199 et
987 4137 1141 4215 deputatis
1164 4135 1231 4196 Fri-

398 4248 468 4308 siec.
510 4247 555 4308 Do
585 4247 658 4325 fuga
679 4251 710 4307 et
730 4247 815 4307 clade
836 4245 1052 4319 Adwerdiane,
1074 4244 1230 4322 Vardugo,

397 4357 536 4435 equitatu
566 4356 715 4430 Sohonck,
748 4374 827 4417 novo
848 4355 980 4416 exercitu
998 4356 1140 4416 adversus
1164 4353 1232 4414 Fri·

396 4467 471 4541 sios,
503 4467 660 4528 Nienortio
689 4465 876 4538 auxiliando,
908 4467 991 4525 metu
1016 4462 1230 4541 expeditionis,

396 4574 507 4638 Bavari
530 4577 674 4638 electione
694 4575 727 4636 in
747 4573 1002 4651 archiepiscopum
1014 4571 1231 4634 coloniensem.
