<?xml version="1.0" encoding="UTF-8"?>
<!DOCTYPE html PUBLIC "-//W3C//DTD XHTML 1.0 Transitional//EN"
    "http://www.w3.org/TR/xhtml1/DTD/xhtml1-transitional.dtd">
<html xmlns="http://www.w3.org/1999/xhtml" xml:lang="en" lang="en">
 <head>
  <title>
</title>
<meta http-equiv="Content-Type" content="text/html;charset=utf-8" />
  <meta name='ocr-system' content='tesseract 3.04.00' />
  <meta name='ocr-capabilities' content='ocr_page ocr_carea ocr_par ocr_line ocrx_word'/>
</head>
<body>
  <div class='ocr_page' id='page_1' title='image "./briefedesaggaeu00ackegoog_0057.png"; bbox 0 0 3028 5348; ppageno 0'>
   <div class='ocr_carea' id='block_1_1' title="bbox 261 469 968 530">
    <p class='ocr_par' dir='ltr' id='par_1_1' title="bbox 261 469 968 530">
     <span class='ocr_line' id='line_1_1' title="bbox 261 469 968 530; baseline -0.014 0"><span class='ocrx_word' id='word_1_1' title='bbox 261 469 302 530; x_wconf 82' lang='grc'><strong>28</strong></span> <span class='ocrx_word' id='word_1_2' title='bbox 677 477 812 524; x_wconf 73' lang='lat' dir='ltr'><strong>seorsus</strong></span> <span class='ocrx_word' id='word_1_3' title='bbox 840 477 968 520; x_wconf 76' lang='lat' dir='ltr'><strong>amiur.</strong></span> 
     </span>
    </p>
   </div>
   <div class='ocr_carea' id='block_1_2' title="bbox 270 633 1403 1266">
    <p class='ocr_par' dir='ltr' id='par_1_2' title="bbox 270 633 1403 1266">
     <span class='ocr_line' id='line_1_2' title="bbox 271 633 1398 724; baseline -0.009 -18"><span class='ocrx_word' id='word_1_4' title='bbox 271 664 400 724; x_wconf 87' lang='lat' dir='ltr'><strong>quorum</strong></span> <span class='ocrx_word' id='word_1_5' title='bbox 424 642 500 704; x_wconf 83' lang='lat' dir='ltr'><strong>uliae</strong></span> <span class='ocrx_word' id='word_1_6' title='bbox 525 640 593 701; x_wconf 86' lang='grc'><strong>61116</strong></span> <span class='ocrx_word' id='word_1_7' title='bbox 613 639 768 718; x_wconf 81' lang='lat' dir='ltr'><strong>graviores</strong></span> <span class='ocrx_word' id='word_1_8' title='bbox 788 637 928 712; x_wconf 85' lang='lat' dir='ltr'><strong>fuerunt,</strong></span> <span class='ocrx_word' id='word_1_9' title='bbox 951 637 1006 698; x_wconf 82' lang='lat' dir='ltr'><strong>has</strong></span> <span class='ocrx_word' id='word_1_10' title='bbox 1027 637 1191 714; x_wconf 88' lang='lat' dir='ltr'><strong>quaternas</strong></span> <span class='ocrx_word' id='word_1_11' title='bbox 1215 633 1325 698; x_wconf 88' lang='lat' dir='ltr'><strong>addere</strong></span> <span class='ocrx_word' id='word_1_12' title='bbox 1338 653 1398 697; x_wconf 82' lang='lat' dir='ltr'><strong>vo·</strong></span> 
     </span>
     <span class='ocr_line' id='line_1_3' title="bbox 270 745 1399 853; baseline -0.009 -39"><span class='ocrx_word' id='word_1_13' title='bbox 270 755 331 830; x_wconf 90' lang='lat' dir='ltr'><strong>lui,</strong></span> <span class='ocrx_word' id='word_1_14' title='bbox 356 771 432 831; x_wconf 88' lang='lat' dir='ltr'><strong>quae</strong></span> <span class='ocrx_word' id='word_1_15' title='bbox 462 751 590 813; x_wconf 87' lang='lat' dir='ltr'><strong>nnnciae</strong></span> <span class='ocrx_word' id='word_1_16' title='bbox 621 753 727 823; x_wconf 84' lang='lat' dir='ltr'><strong>amnt,</strong></span> <span class='ocrx_word' id='word_1_17' title='bbox 751 748 850 810; x_wconf 90' lang='lat' dir='ltr'><strong>Deum</strong></span> <span class='ocrx_word' id='word_1_18' title='bbox 879 767 933 825; x_wconf 90' lang='lat' dir='ltr'><strong>per</strong></span> <span class='ocrx_word' id='word_1_19' title='bbox 956 765 1058 825; x_wconf 88' lang='lat' dir='ltr'><strong>preces</strong></span> <span class='ocrx_word' id='word_1_20' title='bbox 1081 745 1216 853; x_wconf 67' lang='lat' dir='ltr'><strong>piorum,</strong></span> <span class='ocrx_word' id='word_1_21' title='bbox 1235 746 1289 824; x_wconf 85' lang='lat' dir='ltr'><strong>qui</strong></span> <span class='ocrx_word' id='word_1_22' title='bbox 1312 745 1399 822; x_wconf 89' lang='lat' dir='ltr'><strong>apud</strong></span> 
     </span>
     <span class='ocr_line' id='line_1_4' title="bbox 274 853 1401 934; baseline -0.012 -9"><span class='ocrx_word' id='word_1_23' title='bbox 274 881 328 926; x_wconf 79' lang='lat' dir='ltr'><strong>ros</strong></span> <span class='ocrx_word' id='word_1_24' title='bbox 359 863 445 934; x_wconf 88' lang='lat' dir='ltr'><strong>sunt,</strong></span> <span class='ocrx_word' id='word_1_25' title='bbox 476 861 649 931; x_wconf 84' lang='lat' dir='ltr'><strong>exoratum,</strong></span> <span class='ocrx_word' id='word_1_26' title='bbox 677 859 713 918; x_wconf 88' lang='grc'><strong>61</strong></span> <span class='ocrx_word' id='word_1_27' title='bbox 736 876 755 917; x_wconf 92' lang='grc'><strong>6</strong></span> <span class='ocrx_word' id='word_1_28' title='bbox 778 856 878 934; x_wconf 87' lang='lat' dir='ltr'><strong>patria</strong></span> <span class='ocrx_word' id='word_1_29' title='bbox 897 858 1002 915; x_wconf 88' lang='lat' dir='ltr'><strong>nostra</strong></span> <span class='ocrx_word' id='word_1_30' title='bbox 1022 871 1072 916; x_wconf 84' lang='lat' dir='ltr'><strong>aas</strong></span> <span class='ocrx_word' id='word_1_31' title='bbox 1093 853 1298 929; x_wconf 74' lang='lat' dir='ltr'><strong>calamitates,</strong></span> <span class='ocrx_word' id='word_1_32' title='bbox 1319 871 1401 930; x_wconf 88' lang='lat' dir='ltr'><strong>quas</strong></span> 
     </span>
     <span class='ocr_line' id='line_1_5' title="bbox 279 962 1401 1051; baseline -0.011 -18"><span class='ocrx_word' id='word_1_33' title='bbox 279 970 393 1051; x_wconf 84' lang='lat' dir='ltr'><strong>proprii</strong></span> <span class='ocrx_word' id='word_1_34' title='bbox 420 969 536 1031; x_wconf 75' lang='lat' dir='ltr'><strong>alumni</strong></span> <span class='ocrx_word' id='word_1_35' title='bbox 565 969 630 1044; x_wconf 88' lang='lat' dir='ltr'><strong>ejus</strong></span> <span class='ocrx_word' id='word_1_36' title='bbox 654 967 788 1045; x_wconf 80' lang='lat' dir='ltr'><strong>infligere</strong></span> <span class='ocrx_word' id='word_1_37' title='bbox 820 964 848 1026; x_wconf 88' lang='lat' dir='ltr'><strong>ei</strong></span> <span class='ocrx_word' id='word_1_38' title='bbox 868 965 969 1026; x_wconf 86' lang='lat' dir='ltr'><strong>conati</strong></span> <span class='ocrx_word' id='word_1_39' title='bbox 990 966 1078 1039; x_wconf 89' lang='lat' dir='ltr'><strong>sunt,</strong></span> <span class='ocrx_word' id='word_1_40' title='bbox 1098 964 1137 1024; x_wconf 84' lang='lat' dir='ltr'><strong>ad</strong></span> <span class='ocrx_word' id='word_1_41' title='bbox 1158 967 1277 1042; x_wconf 85' lang='lat' dir='ltr'><strong>tempus</strong></span> <span class='ocrx_word' id='word_1_42' title='bbox 1296 962 1401 1023; x_wconf 87' lang='lat' dir='ltr'><strong>adhuc</strong></span> 
     </span>
     <span class='ocr_line' id='line_1_6' title="bbox 279 1072 1403 1155; baseline -0.01 -13"><span class='ocrx_word' id='word_1_43' title='bbox 279 1083 408 1144; x_wconf 77' lang='lat' dir='ltr'><strong>avertat.</strong></span> <span class='ocrx_word' id='word_1_44' title='bbox 449 1078 508 1139; x_wconf 91' lang='lat' dir='ltr'><strong>Pro</strong></span> <span class='ocrx_word' id='word_1_45' title='bbox 529 1080 611 1138; x_wconf 89' lang='lat' dir='ltr'><strong>certo</strong></span> <span class='ocrx_word' id='word_1_46' title='bbox 633 1075 712 1137; x_wconf 86' lang='lat' dir='ltr'><strong>enim</strong></span> <span class='ocrx_word' id='word_1_47' title='bbox 732 1075 946 1155; x_wconf 81' lang='lat' dir='ltr'><strong>intelligimus,</strong></span> <span class='ocrx_word' id='word_1_48' title='bbox 966 1073 1078 1151; x_wconf 86' lang='lat' dir='ltr'><strong>partim</strong></span> <span class='ocrx_word' id='word_1_49' title='bbox 1099 1072 1239 1152; x_wconf 86' lang='lat' dir='ltr'><strong>dissipari</strong></span> <span class='ocrx_word' id='word_1_50' title='bbox 1257 1072 1326 1132; x_wconf 88' lang='lat' dir='ltr'><strong>illos</strong></span> <span class='ocrx_word' id='word_1_51' title='bbox 1340 1072 1403 1131; x_wconf 91' lang='lat' dir='ltr'><strong>mi-</strong></span> 
     </span>
     <span class='ocr_line' id='line_1_7' title="bbox 279 1182 1402 1266; baseline -0.009 -15"><span class='ocrx_word' id='word_1_52' title='bbox 279 1190 370 1265; x_wconf 90' lang='lat' dir='ltr'><strong>lites,</strong></span> <span class='ocrx_word' id='word_1_53' title='bbox 401 1206 476 1266; x_wconf 90' lang='lat' dir='ltr'><strong>quos</strong></span> <span class='ocrx_word' id='word_1_54' title='bbox 507 1188 658 1248; x_wconf 75' lang='lat' dir='ltr'><strong>nostrates</strong></span> <span class='ocrx_word' id='word_1_55' title='bbox 688 1183 946 1261; x_wconf 88' lang='lat' dir='ltr'><strong>conscripserunt,</strong></span> <span class='ocrx_word' id='word_1_56' title='bbox 967 1182 1080 1259; x_wconf 88' lang='lat' dir='ltr'><strong>partim</strong></span> <span class='ocrx_word' id='word_1_57' title='bbox 1100 1182 1139 1242; x_wconf 90' lang='lat' dir='ltr'><strong>ad</strong></span> <span class='ocrx_word' id='word_1_58' title='bbox 1160 1182 1402 1242; x_wconf 85' lang='lat' dir='ltr'><strong>malacontentos</strong></span> 
     </span>
    </p>
   </div>
   <div class='ocr_carea' id='block_1_3' title="bbox 159 1289 1403 1374">
    <p class='ocr_par' dir='ltr' id='par_1_3' title="bbox 159 1289 1403 1374">
     <span class='ocr_line' id='line_1_8' title="bbox 159 1289 1403 1374; baseline -0.009 -13"><span class='ocrx_word' id='word_1_59' title='bbox 159 1301 163 1309; x_wconf 74' lang='grc'><em>’</em></span> <span class='ocrx_word' id='word_1_60' title='bbox 280 1299 394 1360; x_wconf 85' lang='lat' dir='ltr'><strong>inritos</strong></span> <span class='ocrx_word' id='word_1_61' title='bbox 418 1295 567 1374; x_wconf 82' lang='lat' dir='ltr'><strong>ablegari,</strong></span> <span class='ocrx_word' id='word_1_62' title='bbox 598 1293 764 1372; x_wconf 89' lang='lat' dir='ltr'><strong>principem</strong></span> <span class='ocrx_word' id='word_1_63' title='bbox 784 1293 876 1353; x_wconf 88' lang='lat' dir='ltr'><strong>etism</strong></span> <span class='ocrx_word' id='word_1_64' title='bbox 896 1292 1087 1353; x_wconf 89' lang='lat' dir='ltr'><strong>Parmensem</strong></span> <span class='ocrx_word' id='word_1_65' title='bbox 1108 1289 1192 1350; x_wconf 89' lang='lat' dir='ltr'><strong>nullo</strong></span> <span class='ocrx_word' id='word_1_66' title='bbox 1215 1291 1305 1352; x_wconf 91' lang='lat' dir='ltr'><strong>modo</strong></span> <span class='ocrx_word' id='word_1_67' title='bbox 1326 1309 1403 1352; x_wconf 91' lang='lat' dir='ltr'><strong>con-</strong></span> 
     </span>
    </p>
   </div>
   <div class='ocr_carea' id='block_1_4' title="bbox 283 1400 1406 1695">
    <p class='ocr_par' dir='ltr' id='par_1_4' title="bbox 283 1400 1406 1695">
     <span class='ocr_line' id='line_1_9' title="bbox 283 1400 1404 1480; baseline -0.01 -11"><span class='ocrx_word' id='word_1_68' title='bbox 283 1407 393 1469; x_wconf 88' lang='lat' dir='ltr'><strong>sentire</strong></span> <span class='ocrx_word' id='word_1_69' title='bbox 415 1406 506 1480; x_wconf 88' lang='lat' dir='ltr'><strong>velle,</strong></span> <span class='ocrx_word' id='word_1_70' title='bbox 528 1405 665 1465; x_wconf 88' lang='lat' dir='ltr'><strong>utullus</strong></span> <span class='ocrx_word' id='word_1_71' title='bbox 689 1403 843 1479; x_wconf 82' lang='lat' dir='ltr'><strong>Hispanus</strong></span> <span class='ocrx_word' id='word_1_72' title='bbox 867 1402 974 1479; x_wconf 87' lang='lat' dir='ltr'><strong>pedes,</strong></span> <span class='ocrx_word' id='word_1_73' title='bbox 996 1401 1044 1462; x_wconf 81' lang='lat' dir='ltr'><strong>vel</strong></span> <span class='ocrx_word' id='word_1_74' title='bbox 1069 1401 1167 1462; x_wconf 77' lang='lat' dir='ltr'><strong>Italus</strong></span> <span class='ocrx_word' id='word_1_75' title='bbox 1189 1419 1278 1480; x_wconf 86' lang='lat' dir='ltr'><strong>eques</strong></span> <span class='ocrx_word' id='word_1_76' title='bbox 1300 1400 1329 1461; x_wconf 92' lang='lat' dir='ltr'><strong>ei</strong></span> <span class='ocrx_word' id='word_1_77' title='bbox 1348 1419 1404 1460; x_wconf 87' lang='lat' dir='ltr'><strong>ex-</strong></span> 
     </span>
     <span class='ocr_line' id='line_1_10' title="bbox 283 1509 1406 1596; baseline -0.007 -18"><span class='ocrx_word' id='word_1_78' title='bbox 283 1517 430 1596; x_wconf 86' lang='lat' dir='ltr'><strong>peditioni</strong></span> <span class='ocrx_word' id='word_1_79' title='bbox 457 1535 488 1576; x_wconf 91' lang='lat' dir='ltr'><strong>se</strong></span> <span class='ocrx_word' id='word_1_80' title='bbox 515 1514 692 1575; x_wconf 79' lang='lat' dir='ltr'><strong>immisceat.</strong></span> <span class='ocrx_word' id='word_1_81' title='bbox 734 1512 881 1572; x_wconf 87' lang='lat' dir='ltr'><strong>Audimus</strong></span> <span class='ocrx_word' id='word_1_82' title='bbox 904 1529 1022 1588; x_wconf 84' lang='lat' dir='ltr'><strong>quoque</strong></span> <span class='ocrx_word' id='word_1_83' title='bbox 1042 1529 1076 1572; x_wconf 92' lang='lat' dir='ltr'><strong>eo</strong></span> <span class='ocrx_word' id='word_1_84' title='bbox 1099 1510 1165 1572; x_wconf 92' lang='lat' dir='ltr'><strong>loco</strong></span> <span class='ocrx_word' id='word_1_85' title='bbox 1189 1509 1289 1570; x_wconf 90' lang='lat' dir='ltr'><strong>resin</strong></span> <span class='ocrx_word' id='word_1_86' title='bbox 1309 1510 1406 1570; x_wconf 83' lang='grc'><strong>1166-</strong></span> 
     </span>
     <span class='ocr_line' id='line_1_11' title="bbox 283 1618 1406 1695; baseline -0.007 -9"><span class='ocrx_word' id='word_1_87' title='bbox 283 1625 350 1686; x_wconf 89' lang='lat' dir='ltr'><strong>dria</strong></span> <span class='ocrx_word' id='word_1_88' title='bbox 371 1626 401 1685; x_wconf 90' lang='lat' dir='ltr'><strong>et</strong></span> <span class='ocrx_word' id='word_1_89' title='bbox 421 1623 494 1684; x_wconf 84' lang='lat' dir='ltr'><strong>alibi</strong></span> <span class='ocrx_word' id='word_1_90' title='bbox 515 1622 698 1683; x_wconf 87' lang='lat' dir='ltr'><strong>constitutas</strong></span> <span class='ocrx_word' id='word_1_91' title='bbox 719 1640 797 1694; x_wconf 81' lang='lat' dir='ltr'><strong>esre,</strong></span> <span class='ocrx_word' id='word_1_92' title='bbox 819 1627 853 1680; x_wconf 89' lang='lat' dir='ltr'><strong>ut</strong></span> <span class='ocrx_word' id='word_1_93' title='bbox 873 1639 935 1680; x_wconf 89' lang='lat' dir='ltr'><strong>non</strong></span> <span class='ocrx_word' id='word_1_94' title='bbox 955 1620 1051 1680; x_wconf 88' lang='lat' dir='ltr'><strong>solum</strong></span> <span class='ocrx_word' id='word_1_95' title='bbox 1078 1619 1200 1679; x_wconf 89' lang='lat' dir='ltr'><strong>illorum</strong></span> <span class='ocrx_word' id='word_1_96' title='bbox 1221 1638 1327 1695; x_wconf 87' lang='lat' dir='ltr'><strong>opera,</strong></span> <span class='ocrx_word' id='word_1_97' title='bbox 1347 1618 1406 1679; x_wconf 93' lang='lat' dir='ltr'><strong>sed</strong></span> 
     </span>
    </p>
   </div>
   <div class='ocr_carea' id='block_1_5' title="bbox 285 1728 1496 1920">
    <p class='ocr_par' dir='ltr' id='par_1_5' title="bbox 285 1728 1496 1920">
     <span class='ocr_line' id='line_1_12' title="bbox 285 1728 1496 1809; baseline -0.008 -13"><span class='ocrx_word' id='word_1_98' title='bbox 285 1737 317 1796; x_wconf 90' lang='lat' dir='ltr'><strong>et</strong></span> <span class='ocrx_word' id='word_1_99' title='bbox 339 1751 418 1795; x_wconf 81' lang='lat' dir='ltr'><strong>noro</strong></span> <span class='ocrx_word' id='word_1_100' title='bbox 441 1732 539 1792; x_wconf 89' lang='lat' dir='ltr'><strong>milite</strong></span> <span class='ocrx_word' id='word_1_101' title='bbox 560 1749 637 1809; x_wconf 90' lang='lat' dir='ltr'><strong>opus</strong></span> <span class='ocrx_word' id='word_1_102' title='bbox 660 1729 801 1792; x_wconf 81' lang='lat' dir='ltr'><strong>habeant.</strong></span> <span class='ocrx_word' id='word_1_103' title='bbox 853 1729 936 1789; x_wconf 87' lang='lat' dir='ltr'><strong>Haec</strong></span> <span class='ocrx_word' id='word_1_104' title='bbox 959 1747 1021 1789; x_wconf 90' lang='lat' dir='ltr'><strong>nen</strong></span> <span class='ocrx_word' id='word_1_105' title='bbox 1043 1729 1075 1789; x_wconf 92' lang='lat' dir='ltr'><strong>in</strong></span> <span class='ocrx_word' id='word_1_106' title='bbox 1098 1728 1192 1789; x_wconf 87' lang='lat' dir='ltr'><strong>alium</strong></span> <span class='ocrx_word' id='word_1_107' title='bbox 1213 1729 1303 1790; x_wconf 89' lang='lat' dir='ltr'><strong>finem</strong></span> <span class='ocrx_word' id='word_1_108' title='bbox 1323 1747 1407 1788; x_wconf 90' lang='lat' dir='ltr'><strong>nun·</strong></span> <span class='ocrx_word' id='word_1_109' title='bbox 1495 1775 1496 1786; x_wconf 70' lang='lat'><strong>.</strong></span> 
     </span>
     <span class='ocr_line' id='line_1_13' title="bbox 286 1838 1496 1920; baseline -0.007 -16"><span class='ocrx_word' id='word_1_110' title='bbox 286 1843 348 1916; x_wconf 91' lang='lat' dir='ltr'><strong>cio,</strong></span> <span class='ocrx_word' id='word_1_111' title='bbox 370 1860 461 1920; x_wconf 88' lang='lat' dir='ltr'><strong>quam</strong></span> <span class='ocrx_word' id='word_1_112' title='bbox 481 1861 570 1918; x_wconf 88' lang='lat' dir='ltr'><strong>quem</strong></span> <span class='ocrx_word' id='word_1_113' title='bbox 593 1839 736 1918; x_wconf 85' lang='lat' dir='ltr'><strong>proximis</strong></span> <span class='ocrx_word' id='word_1_114' title='bbox 757 1838 831 1899; x_wconf 89' lang='lat' dir='ltr'><strong>meis</strong></span> <span class='ocrx_word' id='word_1_115' title='bbox 857 1839 954 1900; x_wconf 89' lang='lat' dir='ltr'><strong>literis</strong></span> <span class='ocrx_word' id='word_1_116' title='bbox 974 1838 1120 1911; x_wconf 82' lang='lat' dir='ltr'><strong>iudicari,</strong></span> <span class='ocrx_word' id='word_1_117' title='bbox 1134 1857 1172 1900; x_wconf 89' lang='lat' dir='ltr'><strong>ne</strong></span> <span class='ocrx_word' id='word_1_118' title='bbox 1185 1838 1300 1898; x_wconf 88' lang='lat' dir='ltr'><strong>scilicet</strong></span> <span class='ocrx_word' id='word_1_119' title='bbox 1313 1856 1410 1915; x_wconf 89' lang='lat' dir='ltr'><strong>prop·</strong></span> <span class='ocrx_word' id='word_1_120' title='bbox 1495 1843 1496 1852; x_wconf 75' lang='grc'>’</span> 
     </span>
    </p>
   </div>
   <div class='ocr_carea' id='block_1_6' title="bbox 285 1945 1410 2793">
    <p class='ocr_par' dir='ltr' id='par_1_6' title="bbox 285 1945 1410 2793">
     <span class='ocr_line' id='line_1_14' title="bbox 285 1945 1410 2036; baseline -0.007 -22"><span class='ocrx_word' id='word_1_121' title='bbox 285 1951 426 2014; x_wconf 82' lang='lat' dir='ltr'><strong>tercado</strong></span> <span class='ocrx_word' id='word_1_122' title='bbox 451 1969 524 2012; x_wconf 86' lang='lat' dir='ltr'><strong>cura</strong></span> <span class='ocrx_word' id='word_1_123' title='bbox 545 1952 576 2011; x_wconf 87' lang='grc'><strong>61</strong></span> <span class='ocrx_word' id='word_1_124' title='bbox 597 1947 756 2026; x_wconf 81' lang='lat' dir='ltr'><strong>diligentia</strong></span> <span class='ocrx_word' id='word_1_125' title='bbox 775 1950 877 2009; x_wconf 87' lang='lat' dir='ltr'><strong>vestra</strong></span> <span class='ocrx_word' id='word_1_126' title='bbox 900 1947 1061 2036; x_wconf 79' lang='lat' dir='ltr'><strong>quicquam</strong></span> <span class='ocrx_word' id='word_1_127' title='bbox 1082 1945 1264 2019; x_wconf 81' lang='lat' dir='ltr'><strong>remittatis,</strong></span> <span class='ocrx_word' id='word_1_128' title='bbox 1293 1946 1346 2007; x_wconf 91' lang='lat' dir='ltr'><strong>sed</strong></span> <span class='ocrx_word' id='word_1_129' title='bbox 1368 1948 1410 2006; x_wconf 91' lang='lat' dir='ltr'><strong>ut</strong></span> 
     </span>
     <span class='ocr_line' id='line_1_15' title="bbox 287 2039 1407 2132; baseline -0.006 -10"><span class='ocrx_word' id='word_1_130' title='bbox 287 2062 413 2123; x_wconf 86' lang='grc'><strong>66661116</strong></span> <span class='ocrx_word' id='word_1_131' title='bbox 433 2063 535 2120; x_wconf 86' lang='lat' dir='ltr'><strong>vestra</strong></span> <span class='ocrx_word' id='word_1_132' title='bbox 558 2058 596 2118; x_wconf 91' lang='lat' dir='ltr'><strong>ad</strong></span> <span class='ocrx_word' id='word_1_133' title='bbox 620 2039 788 2118; x_wconf 74' lang='lat' dir='ltr'><strong>messiones</strong></span> <span class='ocrx_word' id='word_1_134' title='bbox 816 2055 1060 2132; x_wconf 82' lang='lat' dir='ltr'><strong>mutationesque</strong></span> <span class='ocrx_word' id='word_1_135' title='bbox 1078 2053 1246 2117; x_wconf 88' lang='lat' dir='ltr'><strong>incidentes</strong></span> <span class='ocrx_word' id='word_1_136' title='bbox 1266 2059 1407 2117; x_wconf 85' lang='lat' dir='ltr'><strong>accomo-</strong></span> 
     </span>
     <span class='ocr_line' id='line_1_16' title="bbox 285 2164 1409 2244; baseline -0.004 -14"><span class='ocrx_word' id='word_1_137' title='bbox 285 2171 363 2232; x_wconf 89' lang='lat' dir='ltr'><strong>detis</strong></span> <span class='ocrx_word' id='word_1_138' title='bbox 386 2172 418 2231; x_wconf 90' lang='lat' dir='ltr'><strong>et</strong></span> <span class='ocrx_word' id='word_1_139' title='bbox 440 2168 644 2229; x_wconf 88' lang='lat' dir='ltr'><strong>moderemini.</strong></span> <span class='ocrx_word' id='word_1_140' title='bbox 686 2167 730 2226; x_wconf 89' lang='lat' dir='ltr'><strong>De</strong></span> <span class='ocrx_word' id='word_1_141' title='bbox 755 2169 852 2226; x_wconf 88' lang='lat' dir='ltr'><strong>morte</strong></span> <span class='ocrx_word' id='word_1_142' title='bbox 871 2165 947 2226; x_wconf 86' lang='lat' dir='ltr'><strong>Julii</strong></span> <span class='ocrx_word' id='word_1_143' title='bbox 970 2184 990 2225; x_wconf 87' lang='lat' dir='ltr'><strong>a</strong></span> <span class='ocrx_word' id='word_1_144' title='bbox 1012 2164 1161 2242; x_wconf 86' lang='lat' dir='ltr'><strong>Dekema,</strong></span> <span class='ocrx_word' id='word_1_145' title='bbox 1182 2185 1201 2226; x_wconf 98' lang='grc'><strong>6</strong></span> <span class='ocrx_word' id='word_1_146' title='bbox 1224 2185 1285 2244; x_wconf 91' lang='lat' dir='ltr'><strong>quo</strong></span> <span class='ocrx_word' id='word_1_147' title='bbox 1294 2166 1409 2243; x_wconf 89' lang='lat' dir='ltr'><strong>reliqui</strong></span> 
     </span>
     <span class='ocr_line' id='line_1_17' title="bbox 285 2274 1407 2357; baseline -0.004 -18"><span class='ocrx_word' id='word_1_148' title='bbox 285 2279 444 2357; x_wconf 79' lang='lat' dir='ltr'><strong>praecipue</strong></span> <span class='ocrx_word' id='word_1_149' title='bbox 477 2276 624 2354; x_wconf 91' lang='lat' dir='ltr'><strong>pendent,</strong></span> <span class='ocrx_word' id='word_1_150' title='bbox 655 2295 724 2336; x_wconf 92' lang='lat' dir='ltr'><strong>eurn</strong></span> <span class='ocrx_word' id='word_1_151' title='bbox 755 2276 871 2336; x_wconf 86' lang='lat' dir='ltr'><strong>scilicet</strong></span> <span class='ocrx_word' id='word_1_152' title='bbox 885 2276 915 2352; x_wconf 85' lang='lat'><strong>1)</strong></span> <span class='ocrx_word' id='word_1_153' title='bbox 950 2274 1108 2336; x_wconf 88' lang='lat' dir='ltr'><strong>subitanea</strong></span> <span class='ocrx_word' id='word_1_154' title='bbox 1132 2275 1218 2353; x_wconf 85' lang='lat' dir='ltr'><strong>quasi</strong></span> <span class='ocrx_word' id='word_1_155' title='bbox 1244 2279 1342 2336; x_wconf 88' lang='lat' dir='ltr'><strong>morte</strong></span> <span class='ocrx_word' id='word_1_156' title='bbox 1368 2295 1407 2337; x_wconf 85' lang='lat' dir='ltr'><strong>ex</strong></span> 
     </span>
     <span class='ocr_line' id='line_1_18' title="bbox 286 2383 1409 2461; baseline -0.005 -11"><span class='ocrx_word' id='word_1_157' title='bbox 286 2389 425 2450; x_wconf 87' lang='lat' dir='ltr'><strong>catharro</strong></span> <span class='ocrx_word' id='word_1_158' title='bbox 457 2386 535 2446; x_wconf 85' lang='lat' dir='ltr'><strong>diem</strong></span> <span class='ocrx_word' id='word_1_159' title='bbox 567 2404 656 2444; x_wconf 89' lang='lat' dir='ltr'><strong>suum</strong></span> <span class='ocrx_word' id='word_1_160' title='bbox 687 2383 808 2456; x_wconf 86' lang='lat' dir='ltr'><strong>obiisse,</strong></span> <span class='ocrx_word' id='word_1_161' title='bbox 842 2384 1002 2461; x_wconf 88' lang='lat' dir='ltr'><strong>eodemque</strong></span> <span class='ocrx_word' id='word_1_162' title='bbox 1034 2384 1097 2458; x_wconf 91' lang='lat' dir='ltr'><strong>die,</strong></span> <span class='ocrx_word' id='word_1_163' title='bbox 1129 2403 1188 2460; x_wconf 89' lang='lat' dir='ltr'><strong>qno</strong></span> <span class='ocrx_word' id='word_1_164' title='bbox 1213 2384 1252 2443; x_wconf 88' lang='lat' dir='ltr'><strong>ad</strong></span> <span class='ocrx_word' id='word_1_165' title='bbox 1274 2385 1409 2445; x_wconf 88' lang='lat' dir='ltr'><strong>militem</strong></span> 
     </span>
     <span class='ocr_line' id='line_1_19' title="bbox 288 2492 1410 2570; baseline -0.004 -12"><span class='ocrx_word' id='word_1_166' title='bbox 288 2517 376 2558; x_wconf 89' lang='lat' dir='ltr'><strong>suurn</strong></span> <span class='ocrx_word' id='word_1_167' title='bbox 396 2495 495 2557; x_wconf 90' lang='lat' dir='ltr'><strong>iturus</strong></span> <span class='ocrx_word' id='word_1_168' title='bbox 520 2497 600 2568; x_wconf 87' lang='lat' dir='ltr'><strong>erat,</strong></span> <span class='ocrx_word' id='word_1_169' title='bbox 623 2493 775 2570; x_wconf 89' lang='lat' dir='ltr'><strong>sepultum</strong></span> <span class='ocrx_word' id='word_1_170' title='bbox 795 2511 874 2566; x_wconf 81' lang='lat' dir='ltr'><strong>esre,</strong></span> <span class='ocrx_word' id='word_1_171' title='bbox 907 2492 994 2553; x_wconf 89' lang='lat' dir='ltr'><strong>credo</strong></span> <span class='ocrx_word' id='word_1_172' title='bbox 1015 2493 1221 2554; x_wconf 81' lang='lat' dir='ltr'><strong>intellecturos</strong></span> <span class='ocrx_word' id='word_1_173' title='bbox 1245 2512 1298 2554; x_wconf 90' lang='lat' dir='ltr'><strong>vos</strong></span> <span class='ocrx_word' id='word_1_174' title='bbox 1321 2496 1410 2554; x_wconf 85' lang='lat' dir='ltr'><strong>ante·</strong></span> 
     </span>
     <span class='ocr_line' id='line_1_20' title="bbox 286 2601 1410 2684; baseline -0.004 -17"><span class='ocrx_word' id='word_1_175' title='bbox 286 2625 377 2684; x_wconf 87' lang='lat' dir='ltr'><strong>quam</strong></span> <span class='ocrx_word' id='word_1_176' title='bbox 401 2606 457 2666; x_wconf 87' lang='lat' dir='ltr'><strong>hse</strong></span> <span class='ocrx_word' id='word_1_177' title='bbox 480 2605 587 2665; x_wconf 85' lang='lat' dir='ltr'><strong>literae</strong></span> <span class='ocrx_word' id='word_1_178' title='bbox 608 2603 646 2663; x_wconf 92' lang='lat' dir='ltr'><strong>ad</strong></span> <span class='ocrx_word' id='word_1_179' title='bbox 668 2621 775 2663; x_wconf 83' lang='lat' dir='ltr'><strong>manus</strong></span> <span class='ocrx_word' id='word_1_180' title='bbox 788 2605 903 2665; x_wconf 81' lang='lat' dir='ltr'><strong>vestras</strong></span> <span class='ocrx_word' id='word_1_181' title='bbox 918 2603 1050 2664; x_wconf 84' lang='lat' dir='ltr'><strong>venient.</strong></span> <span class='ocrx_word' id='word_1_182' title='bbox 1093 2601 1180 2663; x_wconf 82' lang='lat' dir='ltr'><strong>(lirca</strong></span> <span class='ocrx_word' id='word_1_183' title='bbox 1193 2603 1410 2674; x_wconf 79' lang='lat' dir='ltr'><strong>tractationem</strong></span> 
     </span>
     <span class='ocr_line' id='line_1_21' title="bbox 287 2713 1410 2793; baseline -0.001 -17"><span class='ocrx_word' id='word_1_184' title='bbox 287 2716 370 2793; x_wconf 83' lang='lat' dir='ltr'><strong>pacis</strong></span> <span class='ocrx_word' id='word_1_185' title='bbox 403 2715 501 2777; x_wconf 87' lang='lat' dir='ltr'><strong>ocium</strong></span> <span class='ocrx_word' id='word_1_186' title='bbox 532 2714 621 2775; x_wconf 89' lang='lat' dir='ltr'><strong>modo</strong></span> <span class='ocrx_word' id='word_1_187' title='bbox 642 2713 767 2792; x_wconf 84' lang='lat' dir='ltr'><strong>agimus.</strong></span> <span class='ocrx_word' id='word_1_188' title='bbox 810 2716 839 2772; x_wconf 84' lang='lat' dir='ltr'>A</span> <span class='ocrx_word' id='word_1_189' title='bbox 858 2731 977 2774; x_wconf 88' lang='lat' dir='ltr'><strong>recessu</strong></span> <span class='ocrx_word' id='word_1_190' title='bbox 996 2731 1050 2788; x_wconf 89' lang='lat' dir='ltr'><strong>per</strong></span> <span class='ocrx_word' id='word_1_191' title='bbox 1076 2713 1212 2774; x_wconf 88' lang='lat' dir='ltr'><strong>dominos</strong></span> <span class='ocrx_word' id='word_1_192' title='bbox 1232 2714 1410 2775; x_wconf 88' lang='lat' dir='ltr'><strong>commissa·</strong></span> 
     </span>
    </p>
   </div>
   <div class='ocr_carea' id='block_1_7' title="bbox 286 2821 1495 2902">
    <p class='ocr_par' dir='ltr' id='par_1_7' title="bbox 286 2821 1495 2902">
     <span class='ocr_line' id='line_1_22' title="bbox 286 2821 1495 2902; baseline -0.002 -16"><span class='ocrx_word' id='word_1_193' title='bbox 286 2826 347 2886; x_wconf 87' lang='lat' dir='ltr'><strong>rios</strong></span> <span class='ocrx_word' id='word_1_194' title='bbox 378 2826 449 2886; x_wconf 89' lang='grc'><strong>(1616</strong></span> <span class='ocrx_word' id='word_1_195' title='bbox 470 2843 632 2902; x_wconf 85' lang='lat' dir='ltr'><strong>eorumque</strong></span> <span class='ocrx_word' id='word_1_196' title='bbox 656 2823 741 2885; x_wconf 80' lang='lat' dir='ltr'><strong>abitu</strong></span> <span class='ocrx_word' id='word_1_197' title='bbox 760 2821 806 2883; x_wconf 91' lang='lat' dir='ltr'><strong>bis</strong></span> <span class='ocrx_word' id='word_1_198' title='bbox 828 2823 993 2900; x_wconf 88' lang='lat' dir='ltr'><strong>imperator</strong></span> <span class='ocrx_word' id='word_1_199' title='bbox 1016 2822 1154 2901; x_wconf 88' lang='lat' dir='ltr'><strong>scripsit,</strong></span> <span class='ocrx_word' id='word_1_200' title='bbox 1181 2823 1262 2884; x_wconf 92' lang='lat' dir='ltr'><strong>nolle</strong></span> <span class='ocrx_word' id='word_1_201' title='bbox 1287 2843 1409 2886; x_wconf 86' lang='lat' dir='ltr'><strong>sesam</strong></span> <span class='ocrx_word' id='word_1_202' title='bbox 1494 2869 1495 2884; x_wconf 57' lang='lat'><em>2</em></span> 
     </span>
    </p>
   </div>
   <div class='ocr_carea' id='block_1_8' title="bbox 285 2913 1495 4224">
    <p class='ocr_par' dir='ltr' id='par_1_8' title="bbox 285 2913 1495 4004">
     <span class='ocr_line' id='line_1_23' title="bbox 286 2913 1495 3010; baseline -0.003 -13"><span class='ocrx_word' id='word_1_203' title='bbox 286 2936 449 2998; x_wconf 85' lang='lat' dir='ltr'><strong>intermitti</strong></span> <span class='ocrx_word' id='word_1_204' title='bbox 470 2939 502 2997; x_wconf 89' lang='lat' dir='ltr'><strong>et</strong></span> <span class='ocrx_word' id='word_1_205' title='bbox 520 2937 693 2996; x_wconf 86' lang='lat' dir='ltr'><strong>effecturum</strong></span> <span class='ocrx_word' id='word_1_206' title='bbox 713 2933 905 3009; x_wconf 86' lang='lat' dir='ltr'><strong>Msjestatem</strong></span> <span class='ocrx_word' id='word_1_207' title='bbox 929 2952 1013 2993; x_wconf 87' lang='lat' dir='ltr'><strong>suam</strong></span> <span class='ocrx_word' id='word_1_208' title='bbox 1034 2933 1113 3010; x_wconf 86' lang='lat' dir='ltr'><strong>opud</strong></span> <span class='ocrx_word' id='word_1_209' title='bbox 1138 2934 1255 2995; x_wconf 88' lang='lat' dir='ltr'><strong>eosdem</strong></span> <span class='ocrx_word' id='word_1_210' title='bbox 1270 2934 1409 2995; x_wconf 91' lang='lat' dir='ltr'><strong>dominos</strong></span> <span class='ocrx_word' id='word_1_211' title='bbox 1494 2913 1495 2982; x_wconf 70' lang='lat' dir='ltr'><strong>l</strong></span> 
     </span>
     <span class='ocr_line' id='line_1_24' title="bbox 288 3042 1410 3124; baseline 0 -18"><span class='ocrx_word' id='word_1_212' title='bbox 288 3044 523 3121; x_wconf 83' lang='lat' dir='ltr'><strong>commissarios,</strong></span> <span class='ocrx_word' id='word_1_213' title='bbox 549 3048 586 3105; x_wconf 90' lang='lat' dir='ltr'><strong>ut</strong></span> <span class='ocrx_word' id='word_1_214' title='bbox 613 3045 671 3104; x_wconf 89' lang='lat' dir='ltr'><strong>huc</strong></span> <span class='ocrx_word' id='word_1_215' title='bbox 692 3044 825 3104; x_wconf 86' lang='lat' dir='ltr'><strong>redeant.</strong></span> <span class='ocrx_word' id='word_1_216' title='bbox 867 3042 926 3104; x_wconf 82' lang='lat' dir='ltr'><strong>Sed</strong></span> <span class='ocrx_word' id='word_1_217' title='bbox 946 3044 984 3104; x_wconf 88' lang='lat' dir='ltr'><strong>eb</strong></span> <span class='ocrx_word' id='word_1_218' title='bbox 1009 3062 1043 3104; x_wconf 89' lang='lat' dir='ltr'><strong>eo</strong></span> <span class='ocrx_word' id='word_1_219' title='bbox 1063 3046 1214 3122; x_wconf 87' lang='lat' dir='ltr'><strong>tempore,</strong></span> <span class='ocrx_word' id='word_1_220' title='bbox 1245 3064 1304 3124; x_wconf 91' lang='lat' dir='ltr'><strong>quo</strong></span> <span class='ocrx_word' id='word_1_221' title='bbox 1325 3064 1410 3106; x_wconf 88' lang='lat' dir='ltr'><strong>rese·</strong></span> 
     </span>
     <span class='ocr_line' id='line_1_25' title="bbox 286 3154 1409 3232; baseline -0.003 -15"><span class='ocrx_word' id='word_1_222' title='bbox 286 3157 432 3217; x_wconf 89' lang='lat' dir='ltr'><strong>lutionem</strong></span> <span class='ocrx_word' id='word_1_223' title='bbox 464 3155 605 3215; x_wconf 87' lang='lat' dir='ltr'><strong>ordinum</strong></span> <span class='ocrx_word' id='word_1_224' title='bbox 636 3154 765 3232; x_wconf 88' lang='lat' dir='ltr'><strong>aceepit,</strong></span> <span class='ocrx_word' id='word_1_225' title='bbox 797 3173 873 3232; x_wconf 87' lang='lat' dir='ltr'><strong>quse</strong></span> <span class='ocrx_word' id='word_1_226' title='bbox 893 3155 999 3214; x_wconf 87' lang='lat' dir='ltr'><strong>statim</strong></span> <span class='ocrx_word' id='word_1_227' title='bbox 1020 3154 1048 3214; x_wconf 91' lang='lat' dir='ltr'><strong>ei</strong></span> <span class='ocrx_word' id='word_1_228' title='bbox 1069 3154 1248 3214; x_wconf 83' lang='lat' dir='ltr'><strong>transmisse</strong></span> <span class='ocrx_word' id='word_1_229' title='bbox 1267 3154 1344 3229; x_wconf 87' lang='lat' dir='ltr'><strong>fuit,</strong></span> <span class='ocrx_word' id='word_1_230' title='bbox 1367 3173 1409 3214; x_wconf 88' lang='lat' dir='ltr'><strong>an</strong></span> 
     </span>
     <span class='ocr_line' id='line_1_26' title="bbox 286 3263 1408 3343; baseline -0.002 -17"><span class='ocrx_word' id='word_1_231' title='bbox 286 3285 376 3343; x_wconf 90' lang='lat' dir='ltr'><strong>super</strong></span> <span class='ocrx_word' id='word_1_232' title='bbox 399 3284 434 3325; x_wconf 88' lang='lat' dir='ltr'><strong>ea</strong></span> <span class='ocrx_word' id='word_1_233' title='bbox 453 3266 578 3341; x_wconf 86' lang='lat' dir='ltr'><strong>posthac</strong></span> <span class='ocrx_word' id='word_1_234' title='bbox 605 3264 655 3342; x_wconf 85' lang='lat' dir='ltr'><strong>agi</strong></span> <span class='ocrx_word' id='word_1_235' title='bbox 677 3263 765 3336; x_wconf 90' lang='lat' dir='ltr'><strong>velit,</strong></span> <span class='ocrx_word' id='word_1_236' title='bbox 787 3264 920 3324; x_wconf 88' lang='lat' dir='ltr'><strong>nondum</strong></span> <span class='ocrx_word' id='word_1_237' title='bbox 944 3263 1030 3324; x_wconf 89' lang='lat' dir='ltr'><strong>nobis</strong></span> <span class='ocrx_word' id='word_1_238' title='bbox 1054 3263 1244 3343; x_wconf 78' lang='lat' dir='ltr'><strong>significarit.</strong></span> <span class='ocrx_word' id='word_1_239' title='bbox 1285 3264 1335 3326; x_wconf 78' lang='lat' dir='ltr'><strong>Ao</strong></span> <span class='ocrx_word' id='word_1_240' title='bbox 1349 3263 1408 3326; x_wconf 93' lang='lat' dir='ltr'><strong>Or-</strong></span> 
     </span>
     <span class='ocr_line' id='line_1_27' title="bbox 286 3373 1408 3453; baseline 0.001 -20"><span class='ocrx_word' id='word_1_241' title='bbox 286 3375 371 3436; x_wconf 89' lang='lat' dir='ltr'><strong>dines</strong></span> <span class='ocrx_word' id='word_1_242' title='bbox 392 3381 455 3434; x_wconf 88' lang='lat' dir='ltr'><strong>tres</strong></span> <span class='ocrx_word' id='word_1_243' title='bbox 480 3374 571 3435; x_wconf 80' lang='lat' dir='ltr'><strong>etiem</strong></span> <span class='ocrx_word' id='word_1_244' title='bbox 594 3375 710 3453; x_wconf 85' lang='lat' dir='ltr'><strong>legatos</strong></span> <span class='ocrx_word' id='word_1_245' title='bbox 732 3393 767 3434; x_wconf 87' lang='lat' dir='ltr'><strong>ex</strong></span> <span class='ocrx_word' id='word_1_246' title='bbox 788 3374 899 3435; x_wconf 88' lang='lat' dir='ltr'><strong>nostris</strong></span> <span class='ocrx_word' id='word_1_247' title='bbox 921 3373 1066 3448; x_wconf 88' lang='lat' dir='ltr'><strong>misimus,</strong></span> <span class='ocrx_word' id='word_1_248' title='bbox 1080 3374 1234 3435; x_wconf 90' lang='lat' dir='ltr'><strong>dominum</strong></span> <span class='ocrx_word' id='word_1_249' title='bbox 1257 3374 1293 3436; x_wconf 90' lang='grc'><strong>(16</strong></span> <span class='ocrx_word' id='word_1_250' title='bbox 1310 3373 1408 3434; x_wconf 86' lang='lat' dir='ltr'><strong>Meet·</strong></span> 
     </span>
     <span class='ocr_line' id='line_1_28' title="bbox 286 3483 1407 3562; baseline 0.004 -18"><span class='ocrx_word' id='word_1_251' title='bbox 286 3484 393 3557; x_wconf 74' lang='grc'><strong>16616,</strong></span> <span class='ocrx_word' id='word_1_252' title='bbox 424 3484 460 3544; x_wconf 90' lang='grc'><strong>(16</strong></span> <span class='ocrx_word' id='word_1_253' title='bbox 485 3483 702 3546; x_wconf 83' lang='lat' dir='ltr'><strong>Oaldenbroich</strong></span> <span class='ocrx_word' id='word_1_254' title='bbox 730 3487 762 3544; x_wconf 89' lang='grc'><strong>61</strong></span> <span class='ocrx_word' id='word_1_255' title='bbox 781 3503 842 3545; x_wconf 82' lang='lat' dir='ltr'><strong>ven</strong></span> <span class='ocrx_word' id='word_1_256' title='bbox 865 3484 918 3542; x_wconf 90' lang='lat' dir='ltr'><strong>der</strong></span> <span class='ocrx_word' id='word_1_257' title='bbox 938 3483 1047 3557; x_wconf 87' lang='lat' dir='ltr'><strong>Milon,</strong></span> <span class='ocrx_word' id='word_1_258' title='bbox 1069 3503 1171 3545; x_wconf 89' lang='lat' dir='ltr'><strong>omnes</strong></span> <span class='ocrx_word' id='word_1_259' title='bbox 1193 3484 1275 3546; x_wconf 84' lang='lat' dir='ltr'><strong>viros</strong></span> <span class='ocrx_word' id='word_1_260' title='bbox 1294 3484 1407 3562; x_wconf 90' lang='lat' dir='ltr'><strong>bonos,</strong></span> 
     </span>
     <span class='ocr_line' id='line_1_29' title="bbox 286 3593 1408 3676; baseline 0.003 -22"><span class='ocrx_word' id='word_1_261' title='bbox 286 3593 340 3670; x_wconf 89' lang='lat' dir='ltr'><strong>qui</strong></span> <span class='ocrx_word' id='word_1_262' title='bbox 369 3594 437 3654; x_wconf 91' lang='lat' dir='ltr'><strong>illos</strong></span> <span class='ocrx_word' id='word_1_263' title='bbox 452 3595 483 3670; x_wconf 85' lang='lat'><strong>2)</strong></span> <span class='ocrx_word' id='word_1_264' title='bbox 515 3593 552 3654; x_wconf 91' lang='lat' dir='ltr'><strong>de</strong></span> <span class='ocrx_word' id='word_1_265' title='bbox 583 3594 637 3668; x_wconf 90' lang='lat' dir='ltr'><strong>iis,</strong></span> <span class='ocrx_word' id='word_1_266' title='bbox 666 3612 743 3676; x_wconf 73' lang='lat' dir='ltr'><strong>quse</strong></span> <span class='ocrx_word' id='word_1_267' title='bbox 770 3593 818 3653; x_wconf 91' lang='lat' dir='ltr'><strong>hic</strong></span> <span class='ocrx_word' id='word_1_268' title='bbox 845 3596 914 3653; x_wconf 88' lang='lat' dir='ltr'><strong>acta</strong></span> <span class='ocrx_word' id='word_1_269' title='bbox 942 3597 1028 3667; x_wconf 88' lang='lat' dir='ltr'><strong>sunt,</strong></span> <span class='ocrx_word' id='word_1_270' title='bbox 1050 3595 1211 3674; x_wconf 84' lang='lat' dir='ltr'><strong>diligenter</strong></span> <span class='ocrx_word' id='word_1_271' title='bbox 1233 3595 1408 3670; x_wconf 89' lang='lat' dir='ltr'><strong>instruant,</strong></span> 
     </span>
     <span class='ocr_line' id='line_1_30' title="bbox 286 3701 1408 3783; baseline 0.004 -20"><span class='ocrx_word' id='word_1_272' title='bbox 286 3721 404 3783; x_wconf 88' lang='lat' dir='ltr'><strong>unaque</strong></span> <span class='ocrx_word' id='word_1_273' title='bbox 425 3722 493 3764; x_wconf 88' lang='lat' dir='ltr'><strong>cum</strong></span> <span class='ocrx_word' id='word_1_274' title='bbox 514 3703 561 3764; x_wconf 91' lang='lat' dir='ltr'><strong>his</strong></span> <span class='ocrx_word' id='word_1_275' title='bbox 586 3704 677 3764; x_wconf 89' lang='lat' dir='ltr'><strong>semel</strong></span> <span class='ocrx_word' id='word_1_276' title='bbox 697 3703 820 3762; x_wconf 87' lang='lat' dir='ltr'><strong>tandem</strong></span> <span class='ocrx_word' id='word_1_277' title='bbox 841 3701 967 3764; x_wconf 89' lang='lat' dir='ltr'><strong>Ordines</strong></span> <span class='ocrx_word' id='word_1_278' title='bbox 982 3707 1112 3766; x_wconf 84' lang='lat' dir='ltr'><strong>extreme</strong></span> <span class='ocrx_word' id='word_1_279' title='bbox 1128 3725 1158 3766; x_wconf 91' lang='lat' dir='ltr'><strong>se</strong></span> <span class='ocrx_word' id='word_1_280' title='bbox 1172 3707 1341 3782; x_wconf 82' lang='lat' dir='ltr'><strong>resolvant,</strong></span> <span class='ocrx_word' id='word_1_281' title='bbox 1356 3706 1408 3768; x_wconf 90' lang='lat' dir='ltr'><strong>sed</strong></span> 
     </span>
     <span class='ocr_line' id='line_1_31' title="bbox 285 3813 1407 3895; baseline 0 -20"><span class='ocrx_word' id='word_1_282' title='bbox 285 3832 340 3876; x_wconf 92' lang='lat' dir='ltr'><strong>nec</strong></span> <span class='ocrx_word' id='word_1_283' title='bbox 364 3813 403 3874; x_wconf 87' lang='lat' dir='ltr'><strong>ab</strong></span> <span class='ocrx_word' id='word_1_284' title='bbox 430 3814 492 3875; x_wconf 92' lang='lat' dir='ltr'><strong>illis</strong></span> <span class='ocrx_word' id='word_1_285' title='bbox 516 3815 613 3873; x_wconf 89' lang='lat' dir='ltr'><strong>ullum</strong></span> <span class='ocrx_word' id='word_1_286' title='bbox 636 3813 732 3873; x_wconf 85' lang='lat' dir='ltr'><strong>edhuo</strong></span> <span class='ocrx_word' id='word_1_287' title='bbox 759 3832 933 3890; x_wconf 88' lang='lat' dir='ltr'><strong>responsum</strong></span> <span class='ocrx_word' id='word_1_288' title='bbox 960 3815 1138 3892; x_wconf 88' lang='lat' dir='ltr'><strong>accepimus.</strong></span> <span class='ocrx_word' id='word_1_289' title='bbox 1178 3816 1239 3877; x_wconf 90' lang='lat' dir='ltr'><strong>Ubi</strong></span> <span class='ocrx_word' id='word_1_290' title='bbox 1258 3837 1306 3878; x_wconf 88' lang='lat' dir='ltr'><strong>res</strong></span> <span class='ocrx_word' id='word_1_291' title='bbox 1325 3816 1407 3895; x_wconf 89' lang='lat' dir='ltr'><strong>apud</strong></span> 
     </span>
     <span class='ocr_line' id='line_1_32' title="bbox 285 3923 1407 4004; baseline 0.001 -18"><span class='ocrx_word' id='word_1_292' title='bbox 285 3943 339 3986; x_wconf 87' lang='lat' dir='ltr'><strong>vos</strong></span> <span class='ocrx_word' id='word_1_293' title='bbox 372 3925 533 4001; x_wconf 87' lang='lat' dir='ltr'><strong>quietiores</strong></span> <span class='ocrx_word' id='word_1_294' title='bbox 564 3923 662 3984; x_wconf 86' lang='grc'><strong>166166</strong></span> <span class='ocrx_word' id='word_1_295' title='bbox 697 3923 828 3998; x_wconf 82' lang='lat' dir='ltr'><strong>fuerint,</strong></span> <span class='ocrx_word' id='word_1_296' title='bbox 858 3923 1001 4001; x_wconf 82' lang='lat' dir='ltr'><strong>incipiam</strong></span> <span class='ocrx_word' id='word_1_297' title='bbox 1032 3925 1118 3987; x_wconf 83' lang='lat' dir='ltr'><strong>vobis</strong></span> <span class='ocrx_word' id='word_1_298' title='bbox 1143 3943 1179 3986; x_wconf 90' lang='lat' dir='ltr'><strong>ea</strong></span> <span class='ocrx_word' id='word_1_299' title='bbox 1198 3945 1275 4004; x_wconf 86' lang='lat' dir='ltr'><strong>quse</strong></span> <span class='ocrx_word' id='word_1_300' title='bbox 1296 3928 1407 3989; x_wconf 87' lang='lat' dir='ltr'><strong>desunt</strong></span> 
     </span>
    </p>

    <p class='ocr_par' dir='ltr' id='par_1_9' title="bbox 286 4003 1494 4224">
     <span class='ocr_line' id='line_1_33' title="bbox 286 4003 1494 4114; baseline 0.005 -21"><span class='ocrx_word' id='word_1_301' title='bbox 286 4033 382 4094; x_wconf 83' lang='lat' dir='ltr'><strong>adhuc</strong></span> <span class='ocrx_word' id='word_1_302' title='bbox 403 4052 439 4093; x_wconf 85' lang='lat' dir='ltr'><strong>ex</strong></span> <span class='ocrx_word' id='word_1_303' title='bbox 461 4031 537 4094; x_wconf 80' lang='lat' dir='ltr'><strong>actis</strong></span> <span class='ocrx_word' id='word_1_304' title='bbox 557 4031 796 4093; x_wconf 87' lang='lat' dir='ltr'><strong>communicare:</strong></span> <span class='ocrx_word' id='word_1_305' title='bbox 818 4036 873 4095; x_wconf 87' lang='grc'><strong>661</strong></span> <span class='ocrx_word' id='word_1_306' title='bbox 897 4034 956 4095; x_wconf 84' lang='grc'><strong>6161</strong></span> <span class='ocrx_word' id='word_1_307' title='bbox 982 4035 1060 4096; x_wconf 84' lang='lat' dir='ltr'><strong>forte</strong></span> <span class='ocrx_word' id='word_1_308' title='bbox 1082 4036 1201 4114; x_wconf 81' lang='lat' dir='ltr'><strong>placeat</strong></span> <span class='ocrx_word' id='word_1_309' title='bbox 1221 4037 1307 4099; x_wconf 86' lang='lat' dir='ltr'><strong>vobis</strong></span> <span class='ocrx_word' id='word_1_310' title='bbox 1328 4039 1406 4098; x_wconf 81' lang='lat' dir='ltr'><strong>tarn·</strong></span> <span class='ocrx_word' id='word_1_311' title='bbox 1493 4003 1494 4024; x_wconf 29' lang='lat'>¹</span> 
     </span>
     <span class='ocr_line' id='line_1_34' title="bbox 286 4143 1406 4224; baseline 0.004 -22"><span class='ocrx_word' id='word_1_312' title='bbox 286 4143 338 4202; x_wconf 89' lang='lat' dir='ltr'><strong>diu</strong></span> <span class='ocrx_word' id='word_1_313' title='bbox 360 4147 530 4220; x_wconf 83' lang='lat' dir='ltr'><strong>expectare,</strong></span> <span class='ocrx_word' id='word_1_314' title='bbox 551 4143 644 4204; x_wconf 86' lang='lat' dir='ltr'><strong>donec</strong></span> <span class='ocrx_word' id='word_1_315' title='bbox 666 4143 766 4203; x_wconf 85' lang='lat' dir='ltr'><strong>omnia</strong></span> <span class='ocrx_word' id='word_1_316' title='bbox 790 4146 860 4205; x_wconf 84' lang='lat' dir='ltr'><strong>acts</strong></span> <span class='ocrx_word' id='word_1_317' title='bbox 883 4163 919 4206; x_wconf 83' lang='lat' dir='ltr'><strong>er</strong></span> <span class='ocrx_word' id='word_1_318' title='bbox 942 4148 1028 4223; x_wconf 86' lang='lat' dir='ltr'><strong>parte</strong></span> <span class='ocrx_word' id='word_1_319' title='bbox 1048 4149 1154 4207; x_wconf 85' lang='lat' dir='ltr'><strong>nostra</strong></span> <span class='ocrx_word' id='word_1_320' title='bbox 1173 4146 1319 4224; x_wconf 88' lang='lat' dir='ltr'><strong>impressa</strong></span> <span class='ocrx_word' id='word_1_321' title='bbox 1341 4146 1406 4206; x_wconf 80' lang='lat' dir='ltr'><strong>fue·</strong></span> 
     </span>
    </p>
   </div>
   <div class='ocr_carea' id='block_1_9' title="bbox 319 4397 1016 4592">
    <p class='ocr_par' dir='ltr' id='par_1_10' title="bbox 319 4397 1016 4592">
     <span class='ocr_line' id='line_1_35' title="bbox 319 4397 861 4496; baseline 0.011 -19"><span class='ocrx_word' id='word_1_322' title='bbox 319 4427 345 4490; x_wconf 89' lang='lat'><strong>1)</strong></span> <span class='ocrx_word' id='word_1_323' title='bbox 380 4441 436 4478; x_wconf 85' lang='lat' dir='ltr'><strong>eum</strong></span> <span class='ocrx_word' id='word_1_324' title='bbox 453 4424 547 4478; x_wconf 85' lang='lat' dir='ltr'><strong>seilicet</strong></span> <span class='ocrx_word' id='word_1_325' title='bbox 564 4425 752 4496; x_wconf 77' lang='lat' dir='ltr'><strong>eigenhiludigcr</strong></span> <span class='ocrx_word' id='word_1_326' title='bbox 766 4397 861 4483; x_wconf 72' lang='grc'><strong>266611.</strong></span> 
     </span>
     <span class='ocr_line' id='line_1_36' title="bbox 319 4523 1016 4592; baseline 0.013 -21"><span class='ocrx_word' id='word_1_327' title='bbox 319 4523 344 4585; x_wconf 81' lang='lat'><strong>2)</strong></span> <span class='ocrx_word' id='word_1_328' title='bbox 378 4523 435 4574; x_wconf 87' lang='lat' dir='ltr'><strong>illos</strong></span> <span class='ocrx_word' id='word_1_329' title='bbox 449 4525 483 4575; x_wconf 85' lang='lat' dir='ltr'><strong>ist</strong></span> <span class='ocrx_word' id='word_1_330' title='bbox 499 4525 672 4592; x_wconf 81' lang='lat' dir='ltr'><strong>eigenhiindige</strong></span> <span class='ocrx_word' id='word_1_331' title='bbox 690 4528 879 4580; x_wconf 74' lang='lat' dir='ltr'><strong>correcturum</strong></span> <span class='ocrx_word' id='word_1_332' title='bbox 903 4524 1016 4580; x_wconf 80' lang='lat' dir='ltr'><strong>Ordines.</strong></span> 
     </span>
    </p>
   </div>
   <div class='ocr_carea' id='block_1_10' title="bbox 0 0 1520 5348">
    <p class='ocr_par' dir='ltr' id='par_1_11' title="bbox 0 0 1520 5348">
     <span class='ocr_line' id='line_1_37' title="bbox 0 0 1520 5348; baseline 0 0"><span class='ocrx_word' id='word_1_333' title='bbox 0 0 1520 5348; x_wconf 95' lang='lat' dir='ltr'><strong> </strong></span> 
     </span>
    </p>
   </div>
  </div>
 </body>
</html>
