3028 5348
535 535 692 580 mussare
712 536 843 582 aarum.
1204 521 1243 584 33

407 702 479 761 Doro
500 701 684 760 morosane
703 701 763 759 aad
781 701 964 777 doclpelcreen
984 702 1066 760 lem
1087 717 1245 762 unnnnuno

366 827 504 884 nonnus,
532 811 583 868 der
609 811 728 869 Raetica
755 812 895 884 Doctorrr,
919 811 996 870 Ko'rr.
1020 813 1139 887 MaJcstt.
1164 812 1246 872 Oum-

366 919 733 996 „asperata-Sororem,
755 939 873 998 moysem
885 921 1028 998 puncir'pcn
1041 921 1251 1002 licdcoJrcundl

369 1027 537 1104 Grooinpco.

805 1207 901 1282 Kale,
926 1207 962 1270 11
984 1204 1215 1290 Januarnsso.

169 1384 315 1444 Salutem.
357 1384 504 1455 Quoniam
527 1383 655 1444 nuncius
676 1383 759 1444 abire
781 1387 939 1462 properat,
961 1385 1074 1463 raptim
1089 1383 1146 1446 tibi
1160 1405 1256 1463 pauca

125 1495 168 1554 ad
190 1495 296 1554 literas
318 1497 387 1554 tuas
408 1494 601 1572 respondebo.

169 1602 260 1664 Nova
286 1603 318 1663 in
342 1602 439 1662 literis
466 1601 504 1662 ad
534 1621 710 1682 generosum
742 1603 882 1664 comitem
903 1606 934 1664 et
962 1604 1116 1665 dominum
1141 1603 1256 1666 locum·

126 1715 287 1772 tenentem
308 1712 545 1790 perscribuntur.

170 1821 241 1880 Tibi
267 1822 403 1898 gratulor
430 1841 465 1880 ex
492 1821 593 1881 animo
614 1821 651 1880 de
674 1839 752 1882 novo
779 1825 832 1882 tuo
858 1821 966 1882 officio.
1010 1821 1256 1892 Quodadfilium

127 1929 247 1990 domini
278 1929 404 2008 Egberti
436 1929 525 1990 Olant
563 1929 689 2003 attinet,
722 1929 797 1990 tales
817 1930 967 2008 principes
990 1939 1017 1991 et
1038 1931 1163 1992 comites
1183 1930 1256 1992 Ger·

129 2038 237 2098 mania
259 2056 370 2116 paucos
394 2039 505 2112 habet,
527 2038 579 2098 sed
606 2041 708 2098 lamen
736 2039 890 2099 occasione
912 2039 985 2098 data
1009 2057 1097 2117 agam
1119 2059 1187 2100 cum
1208 2059 1257 2101 co·

128 2149 207 2208 mite
229 2147 265 2208 de
289 2147 510 2226 Witgenstein,
541 2148 713 2224 praeposito
734 2148 843 2208 summi
863 2146 970 2225 templi
991 2148 1054 2224 hic,
1077 2166 1116 2208 an
1136 2148 1164 2208 is
1188 2167 1257 2209 oum

129 2257 266 2334 recipere
286 2258 377 2331 velit,
397 2258 447 2318 vel
466 2257 561 2334 ipsius
585 2257 688 2318 frater.
730 2257 794 2317 Hos
818 2257 893 2317 duos
918 2277 972 2336 ego
993 2257 1071 2318 solos
1095 2257 1182 2332 novi,
1205 2258 1257 2335 qui

129 2367 259 2428 raritati
291 2367 417 2441 addicti,
452 2367 562 2444 quique
594 2385 660 2426 eam
691 2365 756 2427 vita
783 2370 815 2427 et
834 2365 969 2427 moribus
990 2366 1051 2427 suis
1075 2365 1257 2445 exprimunt.

130 2475 239 2536 Scribe
258 2477 333 2535 mihi
357 2475 554 2536 adolescentis
576 2477 717 2536 aetatem.
1270 2469 1274 2476 ’

174 2585 262 2656 Quod
293 2585 447 2664 Regnorus
477 2584 658 2662 Hoerintges
680 2585 716 2644 de
737 2603 790 2644 suo
810 2585 872 2645 filio
893 2583 1023 2660 audivit,
1045 2586 1120 2661 pulo
1144 2583 1254 2645 falsum

132 2709 289 2756 rumorem
320 2713 382 2755 esse
414 2696 444 2754 et
464 2713 483 2754 a
504 2694 651 2756 malevolo
676 2712 793 2770 quoque
814 2713 961 2770 sparsum.
1000 2694 1102 2754 Habet
1123 2713 1155 2754 se
1175 2695 1256 2771 apud

133 2804 280 2867 comitem
310 2823 397 2864 suum
427 2804 649 2879 honestissime,
671 2824 726 2865 nec
747 2804 865 2864 animus
886 2806 950 2882 ejus
972 2805 1010 2864 ad
1033 2802 1145 2864 bellum
1169 2803 1257 2863 incli-

131 2917 228 2975 natus
261 2916 324 2987 cst,
356 2913 407 2974 sed
437 2916 473 2976 ut
494 2917 524 2973 et
544 2913 679 2992 linguam
704 2913 851 2975 Gallicam
876 2913 1029 2987 addiscat,
1051 2910 1183 2991 cogitavi
1203 2911 1258 2971 ali·

132 3024 273 3101 quando,
294 3023 442 3101 quomodo
463 3023 542 3099 apud
563 3023 730 3101 principem
753 3024 883 3101 aliquem
910 3022 1026 3084 Galliae
1056 3019 1258 3107 commendari

130 3134 241 3212 possit.
282 3133 376 3194 Doleo
396 3132 473 3192 nihil
493 3154 540 3193 me
562 3135 744 3210 particulare
769 3153 823 3194 nec
843 3134 879 3194 de
900 3131 1010 3194 vestris
1024 3151 1079 3192 neo
1095 3133 1131 3192 dc
1145 3129 1258 3191 nostris
1368 3139 1369 3143 ’

130 3239 303 3316 intelligere
334 3239 485 3316 potuisse,
517 3257 598 3299 nunc
621 3239 729 3299 saltem
752 3238 865 3315 aliquid
885 3238 1055 3298 indicasses.
1097 3235 1167 3298 Non
1187 3238 1259 3300 novi

117 3349 206 3426 'quis
230 3348 287 3409 iste
308 3349 345 3409 D.
366 3349 480 3410 Abelus
515 3349 571 3422 sit,
604 3350 689 3426 cujus
716 3351 782 3427 jam
801 3349 834 3408 in
853 3347 932 3408 binis
957 3347 1053 3408 literis
1074 3348 1257 3408 montionem

132 3458 246 3520 fecisti.
287 3459 370 3518 Nihil
391 3460 465 3519 adeo
487 3479 589 3536 spero,
611 3479 703 3538 quam
723 3460 847 3520 daturos
870 3477 923 3520 vos
945 3477 1080 3536 operam,
1102 3457 1258 3519 utcivitas

132 3572 166 3628 et
200 3587 270 3646 ager
300 3570 547 3644 reconcilientur,
580 3587 640 3646 qua
670 3570 706 3628 de
737 3589 770 3628 re
796 3568 907 3628 iterum
939 3569 977 3628 ad
1006 3569 1258 3628 locumtenentem

136 3680 275 3738 vestrum
297 3677 412 3754 scripsi.
460 3677 496 3738 In
522 3678 664 3738 citatione
688 3678 749 3738 ista
778 3680 902 3754 propter
924 3677 1102 3743 affinitatem
1122 3679 1258 3737 nostram

138 3806 204 3846 non
227 3788 313 3863 potui
344 3788 487 3849 nuncium
515 3783 650 3849 vestrum
671 3788 827 3864 adjuvare,
849 3787 881 3846 in
902 3806 961 3864 quo
986 3786 1011 3846 si
1033 3804 1107 3862 opus
1128 3788 1189 3860 ost,
1210 3805 1259 3845 me

138 3894 221 3971 apud
251 3915 428 3985 generosum
459 3896 598 3956 comitem
628 3895 791 3956 excusabis.
832 3894 1026 3956 Desideratae
1046 3895 1085 3954 ad
1105 3913 1171 3954 eam
1194 3896 1259 3957 fue·

132 4005 212 4064 runt
232 4000 479 4082 requisitoriales‚
501 4009 537 4066 ut
554 4006 642 4067 modo
657 4025 691 4066 ex
704 4005 814 4066 nuncio
828 4004 964 4065 intellexi
977 4006 1018 4082 l).
1061 4004 1152 4064 Nosti
1166 4004 1258 4066 etiam

137 4131 243 4172 meum
263 4112 411 4188 animum,
442 4116 522 4191 quod
546 4135 607 4176 non
628 4134 749 4193 possum
771 4117 825 4175 aut
846 4115 937 4176 velim
959 4115 1038 4175 circa
1061 4114 1259 4191 particularia

137 4223 218 4294 ista,
240 4201 415 4299 praesertim
436 4243 512 4300 quac
533 4225 607 4284 talia
631 4227 718 4299 sunt,
739 4224 862 4284 versari.
904 4223 962 4284 Hic
976 4242 1078 4284 rumor
1099 4223 1259 4285 ostGurlz·

136 4331 282 4392 bachium
312 4337 467 4394 mortuum
500 4355 573 4396 esse.
614 4335 663 4394 Ab
685 4338 807 4396 externo
827 4335 914 4395 hoste
935 4334 1071 4395 videmur
1092 4337 1177 4396 oxlra
1197 4355 1259 4394 me·

137 4446 208 4503 tum
240 4445 271 4503 et
301 4443 466 4520 periculum
495 4464 557 4506 esse
588 4447 644 4506 hao
664 4445 776 4521 hieme,
798 4445 887 4504 modo
908 4443 989 4504 domi
1009 4443 1125 4504 nullum
1146 4443 1258 4504 bellum

176 4653 201 4717 l)
235 4653 307 4705 Notis
322 4671 361 4706 cm
380 4655 470 4708 Raude.
