3020 5360
269 520 329 582 14⁰
678 537 813 582 umerus
839 537 969 582 meme.
1072 567 1080 574 -

270 699 320 760 82.
553 715 712 760 emmo
733 715 914 760 imm...
937 699 1393 758 uEmdenindeeemsoms

510 823 636 868 russeus
656 809 844 868 Prodemus
866 808 1024 884 below
1042 827 1079 866 ze
1097 807 1231 867 coeam.
1270 799 1351 866 Pale.

978 1044 1076 1119 ren,
1098 1045 1138 1105 24
1158 1043 1240 1122 cepe.
1263 1043 1352 1132 ecee.

314 1278 450 1340 Salutem
464 1281 507 1357 1).
554 1279 732 1354 licuerat,
767 1279 848 1356 quod
879 1297 960 1338 nunc
984 1277 1158 1350 scriberem,
1181 1277 1233 1338 sed
1252 1297 1323 1338 cum
1342 1278 1394 1338 hic

274 1387 402 1447 nuncius
419 1388 486 1464 jem
507 1388 580 1448 olim
603 1387 678 1446 mihi
705 1389 797 1447 notus
818 1404 883 1447 sese
907 1387 1047 1460 offerret,
1081 1385 1171 1445 simul
1190 1386 1282 1446 etiem
1303 1405 1394 1463 pure-

273 1497 325 1555 tus
346 1497 425 1556 esset
445 1494 553 1556 bovem
576 1495 650 1555 milri
672 1495 835 1567 edducere,
857 1513 946 1571 quem
968 1512 1049 1554 enno
1074 1493 1238 1570 praeterito
1258 1513 1277 1554 u
1296 1495 1394 1555 nobili

273 1621 309 1663 ec
341 1623 486 1682 generoso
517 1604 639 1664 domino
669 1624 689 1664 e
712 1603 862 1680 Kuipeus,
883 1603 996 1663 berone
1017 1604 1050 1663 in
1070 1603 1242 1682 Vogelseng
1262 1607 1320 1664 etc.
1341 1623 1393 1664 ec-

274 1712 372 1788 cipere
395 1711 556 1787 debebam,
577 1731 638 1773 non
659 1713 746 1789 potui
768 1712 925 1786 omittere,
946 1713 1020 1790 quin
1033 1714 1089 1773 hoc
1102 1713 1160 1773 tibi
1173 1713 1392 1790 significarem,

272 1825 310 1881 ut
330 1822 357 1882 si
380 1823 567 1883 occasionem
591 1823 716 1882 haberes
736 1823 865 1883 honesta
886 1823 989 1901 ulique
1009 1824 1144 1904 ratione,
1164 1824 1218 1883 uni
1238 1843 1275 1883 er
1295 1823 1393 1900 ipsius

272 1931 419 1992 ministris
452 1933 507 1992 hoc
538 1951 637 1991 meum
665 1931 844 1993 desiderium
865 1920 1039 2007 operiendi,
1059 1933 1105 1992 ita
1128 1933 1236 2008 facies,
1256 1935 1292 1992 ut
1311 1933 1393 2009 ipse-

271 2043 336 2101 met
356 2041 485 2101 scribam
505 2042 549 2116 ci,
570 2045 626 2102 eut
645 2041 775 2119 emplius
794 2042 1004 2119 interpellem,
1025 2061 1094 2102 cum
1116 2041 1215 2118 pudor
1232 2041 1390 2118 prohibet;

273 2149 392 2210 etiamsi
413 2151 491 2210 nihil
512 2152 676 2229 exigerem,
708 2171 799 2228 quem
820 2152 900 2229 quod
921 2152 994 2211 mihi
1014 2171 1070 2228 pro
1091 2151 1193 2212 lebore
1213 2170 1280 2211 meo
1303 2151 1393 2211 debe-

272 2263 340 2333 tur,
362 2261 414 2319 sed
437 2263 544 2320 necte
565 2262 613 2320 hic
633 2261 795 2339 quicquam
816 2280 905 2339 egere
925 2261 1032 2337 velim,
1053 2279 1144 2337 quem
1165 2261 1246 2337 quod
1266 2260 1394 2320 honeste

273 2371 304 2428 et
324 2369 478 2428 commode
500 2368 565 2428 fieri
584 2370 690 2448 possit.
731 2371 834 2431 Nolim
856 2372 1012 2431 dominum
1024 2371 1113 2430 illum
1126 2371 1287 2444 offensum,
1302 2389 1393 2447 quem

272 2481 396 2553 propter
421 2479 589 2555 singulares
610 2480 714 2554 dotes,
742 2480 851 2556 quibus
868 2481 1005 2557 preditus
1037 2483 1101 2553 est,
1121 2481 1224 2558 diligo.
1265 2478 1394 2539 (laetere

274 2585 307 2644 in
337 2587 566 2663 precedentibus
596 2588 693 2648 literis
723 2590 807 2649 meis.
858 2589 940 2650 Bene
964 2590 1049 2663 vele,
1076 2590 1173 2650 fidelis
1192 2593 1224 2648 et
1244 2589 1339 2648 amice
1358 2588 1394 2648 iu

273 2692 393 2755 Christo
413 2695 487 2755 Jeeu
508 2697 717 2772 dilectissime,
737 2700 826 2758 uxori
846 2701 878 2758 et
894 2699 998 2759 liberis
1016 2717 1134 2759 omnem
1156 2718 1176 2758 o
1192 2717 1240 2758 me
1262 2677 1393 2759 sulutem

271 2807 304 2864 et
323 2823 465 2865 amorem.
505 2805 603 2867 Aride
622 2810 746 2884 expecto
767 2807 870 2869 literas
895 2811 965 2868 tues
991 2817 1117 2887 propter
1135 2809 1291 2888 nogotium
1311 2808 1393 2868 illud

272 2911 506 2974 Euesumenum.
834 2903 842 2912 “

314 3020 454 3087 coronae
474 3025 514 3084 24
534 3024 617 3101 sepe.
640 3025 729 3088 1584.
750 3025 795 3087 st.
816 3026 853 3086 v.

1049 3135 1132 3196 'Inue
1152 3155 1188 3194 ex
1207 3135 1309 3196 enimc

1130 3245 1169 3307 A.
1189 3245 1227 3306 Δ.

312 3463 469 3544 Singulcre
489 3471 569 3546 quod
579 3471 725 3548 scriptum
740 3471 839 3546 volui,
866 3490 1025 3550 cognosces
1037 3491 1073 3531 er
1082 3470 1226 3532 literised
1239 3471 1276 3532 Β.
1287 3473 1321 3550 2)
1335 3471 1390 3534 du·

271 3574 327 3646 tis,
348 3579 508 3652 propterea
527 3583 647 3655 apertas
668 3599 719 3640 ecs
740 3581 865 3660 reliqui,
886 3599 961 3658 ques
986 3580 1039 3640 ubi
1060 3581 1168 3658 legeris
1190 3580 1329 3658 obsignes
1349 3583 1391 3642 ed

271 3682 358 3742 illum
382 3703 482 3762 quem
512 3688 643 3766 primum
675 3690 877 3753 transmittas.
917 3689 1033 3749 Iterum
1053 3691 1130 3780 vele.
1172 3689 1286 3751 Habito
1306 3710 1389 3752 nunc

271 3793 319 3853 int
339 3795 404 3858 hoff
420 3816 482 3859 ron
503 3799 669 3861 Niewener.
758 3829 760 3831 ·

299 4577 325 4640 1)
360 4579 424 4630 Genu
441 4581 609 4646 eigcnbindig.

298 4677 324 4740 2)
358 4677 503 4737 Burmeuie,
520 4694 541 4731 s.
556 4678 619 4730 Nro.
637 4677 678 4730 83.
