3028 5348
439 527 480 569 ab
500 524 668 568 errurrros
688 521 816 566 rarsmr.
1145 505 1185 566 45

90 691 182 752 tertius
203 689 289 752 nobis
316 707 370 766 per
396 687 471 748 duos
494 706 530 746 ex
549 685 659 747 vestris
680 682 849 762 significata
872 683 952 742 sunt.
994 681 1074 742 Nam
1092 682 1119 742 si
1138 683 1184 744 ita

29 869 30 874 η
90 803 135 873 est,
152 817 209 859 non
229 797 356 858 dubium
380 799 440 870 eet,
461 796 534 873 quin
554 795 660 856 statim
680 793 738 854 sibi
751 791 862 852 auxilia
876 792 1044 853 advocabit.
1085 793 1183 864 Quare

29 911 30 942 ³
89 907 181 968 siullo
203 909 338 983 tempere
358 907 467 978 antea,
487 922 568 964 nunc
590 922 681 982 quam
704 903 832 962 maxime
852 903 921 978 post
940 901 997 960 Dei
1017 900 1184 960 misericor·

29 1089 30 1092 Ἴ
89 1015 155 1076 diam
179 1034 231 1093 per
262 1033 365 1076 omnes
390 1013 528 1075 ecclesias
549 1013 743 1090 imploratam
763 993 937 1088 prudentia,
970 1009 1182 1069 acceleratione

89 1126 114 1184 et
140 1124 312 1186 fertitudine
341 1126 444 1185 vestra
474 1141 548 1200 opus
580 1126 635 1184 eet.
687 1120 720 1181 Si
749 1140 811 1182 non
834 1120 977 1197 suspitio,
1004 1119 1061 1179 nisi
1091 1119 1124 1178 in
1150 1138 1183 1178 re

89 1233 156 1293 tanti
180 1235 325 1295 momenti
347 1234 441 1294 nolim
463 1249 517 1294 vos
540 1232 709 1310 indulgere,
730 1231 782 1291 sed
803 1232 882 1308 quod
906 1231 1048 1290 scribitur
1071 1227 1183 1291 veritas

89 1341 134 1416 sit,
153 1363 240 1421 quam
261 1343 361 1404 multa
380 1361 461 1402 nunc
480 1342 564 1403 facta
585 1342 666 1419 apud
687 1341 864 1413 roscidae,
885 1341 922 1400 de
946 1340 1054 1417 quibus
1069 1356 1185 1417 semper
1218 1399 1223 1412 ,

29 1509 30 1516 ,
88 1449 175 1528 timui,
194 1471 271 1530 quae
292 1471 355 1512 non
374 1452 433 1512 alio
454 1453 649 1529 spectarunt,
671 1469 761 1527 quam
781 1469 834 1512 vos
855 1449 935 1510 inter
955 1469 1008 1511 vos
1022 1449 1098 1509 alios
1113 1468 1185 1528 erga

29 1571 30 1584 ¹
88 1560 150 1622 elios
176 1561 291 1622 irritari
320 1564 352 1621 et
379 1559 569 1620 commoveri.
610 1560 646 1618 ld
673 1577 733 1636 qua
755 1559 873 1620 ratione
892 1577 974 1619 nunc
994 1557 1132 1634 componi
1156 1559 1187 1618 et

88 1669 171 1728 sedari
193 1668 304 1747 pessit,
326 1686 345 1727 a
365 1668 427 1727 solo
449 1667 512 1728 Deo
530 1667 629 1728 media
649 1668 832 1744 expectanda
853 1670 951 1728 erunt.

119 1765 211 1840 Audio
242 1777 401 1839 consilium
421 1796 521 1837 meum
541 1776 578 1837 de
598 1777 786 1838 continendis
807 1777 987 1854 quibusdam
1006 1777 1133 1838 honesta
1156 1779 1188 1836 et

29 1883 30 1894 ’
88 1883 190 1948 deeuti
219 1885 373 1959 custodia,
399 1903 437 1946 ne
455 1885 570 1946 scilicet
593 1885 722 1946 abeundi
745 1885 806 1946 illis
826 1887 963 1964 potestas
983 1887 1075 1960 esset,
1099 1885 1187 1947 valde

87 1995 155 2070 apud
173 2013 227 2057 vos
249 1995 425 2072 reprehendi
447 1997 478 2055 et
501 1994 635 2069 traduci,
657 1995 709 2054 sed
732 1994 814 2054 Deus
834 1994 935 2070 norit,
957 1997 989 2055 et
1007 1995 1099 2057 verba
1112 2014 1186 2073 quo-

88 2121 212 2179 qucrnea
224 2103 375 2181 indicant,
399 2102 459 2162 ibi:
480 2103 540 2162 »ad
553 2103 744 2164 deterrendos
757 2104 789 2162 et
801 2102 984 2181 mitigandos
994 2110 1061 2164 eos”
1074 2106 1131 2164 etc.
1144 2106 1187 2181 l),

29 2261 30 2288 ἶ
87 2211 185 2274 nullius
214 2211 352 2274 laedendi
382 2230 488 2273 caussa
516 2230 564 2272 me
594 2212 671 2272 illud
703 2211 903 2286 consuluisse,
925 2231 1030 2274 verum
1049 2216 1086 2273 ut
1106 2218 1185 2277 esset

88 2321 205 2383 medium
243 2323 382 2400 aliquod,
424 2340 483 2399 quo
513 2325 544 2383 et
577 2341 631 2383 vos
655 2325 686 2384 et
725 2322 820 2384 vestri
854 2324 1023 2386 conservari
1054 2325 1185 2401 possint,

87 2431 216 2494 nimirum
236 2435 273 2494 ut
293 2436 393 2495 essent
412 2432 459 2492 illi
478 2432 543 2494 loco
564 2433 717 2510 obsidum,
738 2433 1044 2514 quorumreverentia
1058 2438 1090 2496 et
1102 2437 1187 2495 metu

88 2559 103 2601 a
119 2541 329 2628 crudelioribus
352 2542 441 2604 factis
460 2542 494 2603 in
515 2561 569 2605 vos
590 2545 621 2604 et
639 2545 755 2604 vestroe
768 2542 999 2604 deterrerentur.
1020 2544 1099 2604 Item
1114 2564 1187 2622 quo·

88 2667 144 2711 rum
171 2651 396 2728 intercessione,
429 2651 456 2710 si
486 2650 559 2728 quid
590 2651 739 2711 efficerent
760 2650 799 2710 ad
822 2651 975 2728 aequiores
999 2653 1186 2714 conditiones

88 2759 182 2822 adduci
211 2761 338 2840 possint.
381 2761 477 2838 quue
507 2759 644 2821 consului
674 2777 709 2820 eo
730 2763 879 2836 tempore,
907 2779 966 2836 quo
983 2761 1049 2839 jam
1070 2761 1108 2821 ad
1128 2762 1188 2824 iter

87 2871 174 2943 parati
190 2889 254 2932 esse
273 2870 469 2946 videbantur,
490 2872 522 2931 et
542 2869 692 2931 dirissima
712 2869 945 2948 gravissimeque
960 2889 1075 2948 queque
1085 2872 1187 2950 palam

87 2975 127 3037 bic
143 2978 295 3054 jactarent
318 2980 351 3039 et
377 2978 574 3038 minarentur.
625 2977 730 3056 Neque
755 2977 788 3038 id
808 2997 843 3038 cx
863 2981 974 3039 natura
994 2980 1042 3041 vel
1066 2981 1187 3045 cerebro

88 3103 158 3163 meo,
178 3089 229 3149 sed
249 3087 421 3148 admonitus
442 3105 545 3148 corum
565 3087 726 3164 exemplis,
748 3105 824 3164 quae
845 3088 883 3147 ab
906 3089 959 3164 iis,
987 3089 1040 3166 qui
1066 3093 1188 3169 negotia

87 3192 140 3255 ista
166 3196 290 3274 politica
319 3195 352 3255 in
379 3195 507 3257 materia
538 3195 694 3256 seditionis
724 3199 969 3274 pertractarunt,
999 3197 1187 3264 adferuntur.

88 3301 278 3366 Nihilominus
298 3305 381 3365 scitis
404 3323 539 3382 quoque,
572 3324 663 3382 quam
686 3305 719 3366 in
741 3304 879 3368 omnibus
898 3311 1032 3368 vestram
1053 3311 1189 3373 modera-

89 3413 189 3476 tionem
209 3417 241 3476 et
260 3413 418 3475 lenitatem
444 3414 641 3492 requisierim.
684 3414 760 3475 Cum
783 3415 863 3476 enim
883 3436 937 3478 nec
959 3437 1103 3495 personae
1116 3421 1191 3482 mibi

88 3525 212 3602 cognitae
234 3525 312 3598 sint,
343 3524 490 3602 aquibus
511 3526 706 3586 metuendum
728 3526 787 3600 sit,
814 3545 869 3588 nec
890 3530 988 3599 status
1008 3549 1109 3591 rerum
1130 3533 1192 3594 sin-

88 3635 215 3714 gularum
235 3634 312 3714 mibi
330 3634 551 3712 perscribatur,
570 3635 647 3696 nihil
667 3636 821 3712 consului,
843 3639 924 3714 quod
942 3658 1005 3701 non
1018 3640 1145 3725 arbitrio
1160 3647 1191 3705 et

85 3744 187 3819 judicio
207 3751 309 3811 vestro
330 3747 517 3825 subjecerim.
558 3748 623 3831 Inro
645 3748 730 3809 scitis
750 3767 814 3824 me,
846 3749 950 3825 paucis
970 3750 1074 3811 diebus
1096 3752 1190 3814 inter-

84 3855 180 3936 jectis,
206 3877 276 3920 curn
296 3858 421 3919 meliora
439 3857 656 3937 intelligerem,
686 3858 844 3920 consilium
863 3859 956 3935 illud,
978 3861 1057 3922 datis
1078 3861 1117 3921 ad
1136 3881 1191 3923 vos

85 3964 191 4046 literis,
222 3968 404 4031 emendasse.
454 3969 552 4042 Quare
583 3987 651 4030 cum
671 3969 784 4046 priores
805 3968 879 4031 istas
898 3970 1001 4030 literas
1022 3971 1089 4031 aliis
1110 3990 1189 4031 com-

86 4079 314 4153 municaveritis,
346 4095 476 4157 aequum
506 4083 574 4140 erat
603 4081 642 4140 ad
666 4079 900 4140 obtrectationes
920 4079 995 4140 istas
1016 4079 1192 4158 evitandas,

86 4186 187 4250 alteras
206 4188 297 4250 simul
317 4189 552 4251 communicatas
573 4189 681 4263 fuisse,
704 4189 752 4250 vel
773 4188 798 4248 si
819 4208 873 4266 per
893 4189 1038 4266 quosdam
1058 4191 1190 4254 malere-

86 4293 142 4371 los,
154 4299 205 4375 qui
221 4299 299 4360 nihil
313 4317 404 4376 quarn
417 4299 563 4360 factiones
577 4302 610 4360 et
622 4297 787 4360 discordias
801 4299 930 4360 excitare
945 4300 1085 4378 student,
1105 4302 1191 4380 igne-

87 4408 215 4470 rantibus
246 4408 333 4471 vobis
365 4410 511 4488 (suspicer
540 4409 628 4471 facile
658 4409 749 4488 unde)
770 4409 803 4470 in
823 4410 920 4471 lucem
944 4411 1080 4486 prolatae
1105 4414 1190 4488 sunt,

87 4580 268 4596 ὓ*-
353 4591 355 4594 .

117 4659 141 4722 1)
174 4661 209 4718 Gi.
226 4661 273 4714 den
289 4661 425 4716 Brisiacus
444 4663 459 4715 6
479 4665 611 4718 December
632 4664 713 4730 1579,
729 4665 791 4716 oben
809 4679 850 4718 uo.
866 4665 890 4715 9.
