3020 5360
485 587 645 632 arnasano
676 589 807 634 amana
1163 571 1201 632 91

15 757 20 848 ἰΙ
90 751 126 812 ad
157 749 278 828 privata
307 753 362 811 tua
383 717 510 826 attinet,
539 749 654 830 confide
679 749 822 825 Domino,
845 749 871 810 is
891 747 973 811 viam
993 748 1052 812 tibi
1071 749 1202 827 aperiet,

15 871 16 880 ¹
90 878 147 940 qua
173 859 258 923 salva
278 860 464 921 conscientia
483 860 652 923 necessaria
671 859 733 920 tuis
752 877 912 938 procures,
932 859 1128 921 nihilominus
1140 875 1202 920 non
1335 873 1341 878 ’

90 969 292 1046 suaserim,
325 972 362 1030 us
387 969 481 1032 facus
500 971 694 1032 bonomium
714 969 772 1030 aas
793 967 1201 1049 assumamusque

15 1063 16 1086 ¹
89 1077 119 1139 in
140 1077 279 1140 futurum
304 1077 363 1139 tibi
383 1079 555 1154 exolvatur,
575 1079 622 1140 ita
641 1081 745 1140 tamen
764 1095 802 1139 ne
823 1079 995 1157 obstringas
1015 1081 1063 1153 te,
1081 1074 1204 1158 quin'si

89 1187 192 1248 melier
211 1179 375 1270 aliqnando
397 1188 530 1252 conditio
551 1187 610 1249 tibi
630 1189 790 1263 offeratur,
817 1190 854 1250 ut
875 1207 941 1250 eam
964 1187 1113 1268 suscipere
1132 1203 1203 1266 pro·

89 1295 225 1361 hibearis.
267 1297 410 1378 significa
429 1297 506 1360 mihi
526 1315 654 1378 quaeso,
675 1297 800 1378 quinam
820 1299 939 1362 vestras
958 1295 1205 1376 provinciaene·

15 1453 17 1484 ἱ
89 1405 166 1469 mine
196 1407 230 1468 in
255 1408 380 1470 oonsilio
401 1408 541 1486 ordinum
560 1426 641 1470 nune
660 1407 822 1470 assideant.
862 1407 933 1470 Non
953 1407 1093 1490 displicet
1110 1405 1203 1483 mihi,

89 1519 123 1578 ut
155 1517 193 1578 ad
224 1517 365 1581 semitam
395 1518 432 1579 de
462 1517 582 1581 Nassau
612 1518 743 1595 scribas,
764 1519 816 1580 aad
837 1521 1007 1597 oporteret,
1027 1521 1060 1581 te
1079 1517 1202 1581 meliore

15 1695 16 1726 1
89 1624 292 1689 Germanismn
306 1627 338 1706 1)
370 1627 437 1702 nti,
467 1646 523 1689 nee
554 1625 660 1689 dubito
690 1627 766 1709 quin
797 1627 927 1690 officiam
958 1629 1047 1692 tuum
1077 1630 1202 1709 gratnm

15 1727 16 1770 l

15 1785 17 1824 l

15 1837 17 1892 l

15 1957 17 2102 l

88 1733 223 1798 futurum
252 1737 311 1812 sit,
345 1735 482 1818 alioquin
516 1736 629 1819 absque
660 1755 696 1799 ao
723 1737 841 1801 sinsus
862 1738 997 1802 evenerit
1010 1739 1043 1817 2)
1066 1737 1202 1804 levorem

88 1846 150 1924 ejus
175 1847 264 1908 faeile
283 1847 522 1926 impetrabimus.
576 1847 706 1909 Domino
729 1845 880 1910 Writaero
903 1865 960 1927 pre
980 1847 1105 1910 tonsilia
1125 1847 1202 1911 milri
1278 1868 1282 1873 ’

86 1973 137 2017 auo
169 1956 389 2020 communicato
423 1975 514 2038 quam
533 1957 679 2019 maximas
699 1958 814 2038 gratias
837 1958 948 2034 habeo,
979 1958 1111 2021 eouaber
1128 1977 1198 2022 aum

15 2137 16 2160 ἢ
87 2081 144 2127 nna
169 2066 316 2128 etaltera
337 2084 373 2127 ex
392 2065 588 2145 praescriptis
607 2067 748 2129 remediis
770 2066 1069 2145 superirruentium
1089 2067 1201 2143 neseio,

15 2181 16 2240 ζ
88 2174 234 2256 quomodo
254 2175 293 2236 ab
313 2174 453 2238 omnibus
467 2176 694 2239 medicamentis
707 2176 894 2240 abhorream
935 2175 1043 2260 Itaque
1056 2176 1202 2241 libentius

15 2273 16 2310 ³
87 2283 145 2346 illis
166 2286 253 2360 ntor,
270 2285 323 2366 qui
342 2284 415 2348 foris
435 2284 617 2347 adhibentur
636 2284 685 2349 val
706 2286 758 2368 qui
771 2285 907 2368 alioquin
919 2285 1138 2348 esitandadari
1152 2303 1201 2350 se·
1241 2323 1246 2332 ·

15 3077 16 3098 a
86 3051 237 3115 mensibus
269 3054 426 3114 contentos
457 3053 581 3114 reddere
611 3051 741 3131 poterit,
772 3051 810 3113 ob
840 3052 918 3114 hane
938 3069 1060 3114 eausam
1080 3055 1199 3116 nostras
1326 3029 1332 3054 ³

87 2393 158 2457 lent.
200 2393 355 2457 Andaeier
374 2413 469 2456 essem
485 2395 519 2457 in
539 2394 679 2458 omnibus
701 2393 902 2473 expes-iendis,
926 2395 953 2456 si
972 2395 1060 2458 illum
1079 2414 1201 2474 presen-

86 2503 146 2564 tem
167 2501 318 2564 haberem.
360 2501 495 2566 Salutem
527 2523 638 2585 quaeso
659 2505 687 2566 ei
707 2505 780 2566 meis
803 2505 900 2568 verbis
921 2504 1015 2567 dieite
1034 2506 1066 2566 at
1085 2504 1201 2584 gratias

87 2613 185 2691 agite,
216 2611 365 2694 velimque
396 2631 539 2692 suggeras
569 2613 645 2676 mihi
674 2617 735 2696 qna
753 2605 878 2676 ¹ratione
905 2617 1027 2694 gratum
1046 2634 1095 2676 ma
1114 2617 1202 2678 extra
1300 2665 1306 2670 .

86 2720 184 2802 ipsum
206 2723 362 2784 ostendere
381 2724 496 2800 petere.
537 2722 740 2804 intelligimus
760 2722 980 2802 praefeeturam
999 2723 1117 2801 patriae
1129 2742 1200 2786 nos

86 2833 150 2894 trae
179 2832 299 2895 demina
330 2831 366 2893 da
397 2832 489 2912 Bylly
519 2831 703 2912 assignatam
725 2851 804 2912 esse,
826 2831 878 2895 aad
897 2851 989 2914 quam
1009 2832 1061 2894 ille
1080 2836 1200 2897 reeusat

88 2943 236 3023 accipere,
256 2943 315 3005 nisi
335 2945 436 3006 eertns
460 2943 552 3005 etiam
573 2944 614 3006 sit
633 2943 671 3004 de
690 2942 832 3021 paenula,
859 2960 921 3024 qua
939 2942 1052 3005 milites
1072 2943 1200 3024 singulis

87 3162 208 3244 quidam
231 3159 280 3224 vir
299 3181 403 3238 senex,
433 3162 596 3237 unoeulus,
626 3161 721 3224 Hatto
752 3159 889 3222 Dekama
906 3161 1045 3239 nemine,
1065 3162 1199 3224 tollentis

87 3274 274 3351 privaturum
305 3272 493 3353 qnormrdam
523 3276 555 3334 at
583 3273 665 3352 apud
692 3288 747 3334 nes
767 3274 799 3334 et
818 3290 855 3333 ex
874 3269 989 3334 uiribus
1009 3271 1118 3334 vestris
1138 3270 1201 3334 suf·

87 3382 189 3462 lragiis
210 3381 243 3445 in
262 3381 424 3460 Hispanias
444 3382 597 3461 profectus
616 3381 686 3444 fuit.
727 3382 809 3444 Bane
829 3381 897 3446 vale
916 3381 966 3444 uir
980 3380 1200 3459 amantissime,

87 3492 173 3553 uxori
197 3491 396 3574 omnibusque
415 3491 497 3555 netis
521 3493 553 3554 et
575 3491 680 3554 amieis
709 3490 754 3552 ibi
773 3508 894 3554 omnam
913 3509 933 3552 a
952 3510 1000 3553 me
1019 3489 1149 3554 salutern
1170 3491 1203 3553 et

87 3617 227 3664 amorem.

123 3709 287 3792 Coloniae,
307 3710 347 3771 28
366 3709 435 3772 Jan.
458 3711 547 3773 1582.

122 3820 251 3883 Nuneiis
281 3838 343 3882 non
373 3823 421 3883 est
451 3822 532 3904 qued
563 3821 664 3885 solvas
695 3819 872 3903 quiequam,
892 3837 948 3900 ego
967 3838 1023 3900 pro
1042 3819 1202 3902 utriusque

84 3927 180 3992 literis
200 3929 261 3993 illis
282 3931 443 4018 satisfacio.

860 4040 943 4103 Tuus
964 4061 1001 4103 ex
1021 4042 1122 4104 anime

943 4149 981 4214 A.
1002 4150 1041 4212 A.
