3020 5360
504 492 662 536 amaraco
683 494 812 537 nonnus.
1179 482 1217 543 81

116 654 302 718 deveniamus.
346 655 434 716 Nova
444 673 523 716 nunc
535 655 649 716 occasio
660 659 721 731 est,
748 675 839 733 quam
850 675 885 717 cx
896 657 993 718 literis
1008 658 1046 719 ad
1058 659 1218 738 deputatos

117 769 222 827 nostros
244 765 324 826 datis
346 763 513 842 intelliges,
535 783 593 842 qua
615 765 641 824 si
662 766 784 841 sapiunt
798 768 829 826 et
844 766 951 828 ciuitas
966 769 997 827 et
1010 786 1096 845 ager,
1112 769 1218 829 deinde

27 919 29 950 ζ
116 879 142 936 et
168 893 219 935 nos
250 874 288 934 ad
321 891 426 951 pacem
456 872 622 934 faciendam
653 875 832 936 commoveri
855 875 1025 936 debeamus.
1067 877 1130 936 Alii
1155 877 1219 937 sino

115 984 173 1044 aliis
189 983 357 1043 libertatem
378 984 513 1042 nostram
532 1001 594 1042 non
614 983 783 1058 tuebimur,
805 1003 895 1061 quarn
910 984 1064 1062 conjuncti
1077 985 1218 1045 facillime

115 1094 184 1168 tueri
202 1111 367 1170 possemus,
389 1092 445 1152 tali
467 1092 647 1168 reipublicae
671 1093 768 1153 forma
787 1093 976 1168 introducta,
1005 1114 1081 1171 quac
1103 1098 1134 1155 ot
1153 1095 1217 1155 Deo

114 1202 263 1262 honorifica
295 1204 326 1262 et
356 1201 462 1262 incolis
494 1201 637 1261 salutaris
659 1201 763 1261 futura
783 1203 834 1262 eit.
876 1201 909 1262 Si
930 1203 1073 1279 utrinque
1094 1203 1216 1281 aliquod

113 1313 253 1388 priuatum
273 1311 417 1382 interesse
445 1313 506 1384 est,
529 1310 616 1370 facile
638 1311 669 1368 id
692 1323 745 1387 per
766 1311 846 1372 viros
867 1313 963 1372 bonos
985 1313 1123 1388 componi
1148 1329 1216 1388 pos·

114 1426 160 1482 sot.
208 1423 380 1482 Praestaret
406 1439 460 1481 nos
481 1421 615 1481 intentos
639 1439 720 1495 esse,
747 1423 783 1480 ut
803 1421 925 1497 publica
945 1441 999 1498 pro
1020 1423 1107 1482 nobis
1129 1426 1160 1484 et
1180 1424 1217 1483 li-

114 1531 183 1592 boris
201 1531 310 1591 nostris
333 1532 413 1589 recte
441 1530 667 1603 ordinarentur,
689 1532 720 1589 et
743 1528 802 1588 nisi
822 1529 853 1588 id
874 1516 971 1606 primo
999 1549 1117 1608 quoque
1140 1535 1217 1593 tem-

114 1659 176 1716 pore
198 1641 266 1715 fiat,
298 1641 402 1716 postea
428 1638 543 1698 frustra
564 1657 598 1697 eo
621 1640 843 1698 contendemus.
884 1639 944 1698 Ubi
965 1639 1147 1701 Aleneonius
1169 1642 1216 1702 in-

114 1753 267 1828 auguratus
288 1748 397 1823 fuerit,
419 1747 496 1808 alius
521 1752 587 1808 tum
608 1766 708 1807 rorum
729 1749 829 1807 elatus
848 1747 921 1819 erit,
942 1766 1003 1807 non
1017 1749 1120 1808 eadem
1134 1757 1214 1810 coni·

27 1881 28 1918 r
113 1857 229 1932 ponendi
249 1858 345 1932 ratio,
367 1876 421 1917 nec
443 1857 629 1917 conditiones
654 1875 754 1933 pares,
778 1857 881 1932 quales
902 1876 982 1916 nunc
1003 1857 1081 1917 forte
1104 1858 1215 1918 iniren-

113 1967 165 2025 tur.
212 1966 281 2026 Non
315 1966 409 2027 audeo
441 1967 542 2027 omnia
573 1967 670 2026 literis
698 1967 901 2039 committere,
923 1966 973 2026 sed
999 1966 1052 2042 qui
1073 1966 1215 2043 utrinque

112 2075 216 2150 patriae
240 2078 375 2136 amantes
389 2065 488 2151 sunt,
509 2076 541 2136 in
562 2077 594 2136 id
615 2076 785 2136 incumbere
799 2075 923 2150 debent,
938 2079 973 2136 ut
987 2075 1214 2152 quibuscunque

111 2185 337 2258 conditionibus,
360 2187 450 2248 saluis
471 2187 541 2246 hinc
563 2187 632 2246 inde
649 2185 769 2263 juribus
790 2204 848 2262 pax
869 2186 948 2246 inter
962 2204 1016 2245 nos
1030 2185 1215 2259 concilietur,

110 2293 228 2369 privatis
261 2295 390 2371 querelis
421 2298 453 2356 et
471 2295 591 2372 injuriis
612 2296 758 2356 bonorum
779 2296 968 2372 quorundam
989 2295 1114 2355 arbitrio
1135 2315 1216 2356 eoru·

110 2402 209 2463 missis.
249 2403 318 2463 Nisi
348 2404 404 2465 hoo
432 2403 476 2464 ita
501 2403 555 2464 fiat
578 2423 632 2480 pro
660 2405 869 2465 incolumitate
890 2406 921 2464 et
944 2404 1100 2478 libertate,
1122 2423 1212 2480 quam

110 2512 288 2587 quaerimus,
309 2531 369 2572 non
390 2513 447 2573 nisi
468 2533 581 2573 meram
604 2514 755 2574 miseriam
779 2517 811 2574 et
837 2513 1015 2576 servitutem
1043 2514 1213 2574 referemus.

109 2620 147 2680 At
165 2639 236 2697 pace
262 2621 429 2682 constituta
449 2623 524 2683 satis
544 2623 638 2682 fortes
666 2622 721 2682 Dei
742 2641 797 2700 ope
811 2624 936 2697 erimus,
951 2643 989 2684 ne
1003 2642 1130 2700 usquam
1145 2625 1212 2699 plus

109 2729 186 2790 nobis
217 2729 406 2806 imponatur,
430 2732 506 2808 plus
538 2731 719 2807 imperetur,
750 2749 842 2808 quam
872 2719 1008 2807 aequitas
1029 2734 1060 2792 et
1079 2731 1213 2792 condicio

108 2839 204 2897 nostra
235 2837 312 2896 ferre
344 2841 444 2914 queat.
486 2839 581 2899 Video
603 2858 655 2914 por
676 2839 733 2899 Dei
754 2839 901 2916 gretiam,
923 2859 981 2917 quo
1005 2840 1117 2900 consila
1141 2859 1214 2916 quo·

108 2947 227 3010 rundam
257 2947 402 3021 tendant,
433 2947 484 3006 sed
516 2966 593 3023 quae
624 2945 760 3006 libertati
791 2949 911 3007 nostrae
936 2947 1103 3023 perniciosa
1127 2952 1214 3022 sunt,

108 3053 161 3114 illis
181 3073 252 3117 uero
277 3055 381 3128 utilia,
403 3055 522 3115 etiamsi
548 3057 586 3115 ad
607 3058 739 3116 extrema
760 3056 932 3133 adigamur,
962 3057 1021 3116 imo
1043 3076 1105 3116 non
1125 3058 1215 3116 aliter

108 3165 140 3223 ad
162 3167 300 3225 effectum
321 3164 449 3240 ,perduoi
474 3168 604 3241 queunt,
626 3164 685 3224 nisi
706 3167 839 3224 extrema
860 3164 897 3223 ab
921 3164 1003 3224 omni
1025 3167 1111 3241 parte
1125 3165 1211 3225 subo-

108 3293 200 3350 amus,
233 3277 265 3334 id
297 3276 376 3350 quod
407 3275 514 3334 vellem
546 3294 593 3333 me
625 3293 713 3352 posse
733 3293 768 3332 en
793 3274 849 3332 Dei
874 3275 1030 3335 voluntate
1051 3293 1069 3332 a
1090 3273 1214 3335 ciuitate

27 3395 28 3400 ’
107 3389 200 3445 vostra
225 3389 375 3458 avertero,
408 3388 530 3461 propter
560 3379 654 3459 ipsius
687 3385 718 3442 et
738 3386 876 3443 nostrum
897 3384 1017 3443 bonum.
1059 3383 1214 3462 Intelligcs

107 3515 200 3570 spero,
223 3494 296 3572 quio
317 3494 423 3567 uelim,
445 3513 516 3552 nam
537 3513 597 3552 uon
622 3493 716 3551 audeo
741 3494 821 3551 clare
848 3492 948 3573 omnia
973 3492 1135 3569 exprimere
1143 3536 1150 3566 ,
1167 3513 1214 3552 su-

106 3623 155 3678 per·
175 3604 283 3680 quibus
304 3605 397 3663 etiarn
426 3622 487 3662 non
511 3603 568 3676 nisi
594 3603 661 3661 fidis
683 3602 787 3661 amieis
812 3602 953 3660 conferes.
995 3602 1112 3662 Liberae
1139 3602 1214 3662 istas

106 3713 265 3772 communis
284 3713 374 3772 amici
391 3713 487 3772 nostri
498 3712 649 3771 lachrimis
661 3712 736 3771 meis
747 3712 859 3790 rigavi,
872 3697 955 3771 uolui
969 3712 997 3770 ei
1011 3713 1125 3787 aliquid
1140 3713 1213 3771 scri-

105 3822 176 3895 bore,
191 3824 243 3883 sed
263 3823 334 3899 quia
346 3842 412 3882 cum
425 3823 534 3881 nuncio
549 3842 675 3898 propero
686 3866 693 3895 ,
705 3823 755 3881 uix
769 3822 829 3883 istu
840 3823 878 3880 ad
890 3826 920 3881 to
932 3839 1054 3881 exarare
1067 3823 1170 3897 potui3
1186 3824 1212 3881 si

105 3932 255 4010 contingat
286 3936 316 3991 to
349 3933 384 3991 ad
411 3933 510 4008 ipsum
539 3932 682 4004 scribere,
704 3931 925 3990 fraternarum
948 3933 1020 3991 meis
1045 3932 1143 3992 verbis
1166 3950 1214 3990 sa·

105 4041 173 4100 luta.
225 4040 263 4101 In
295 4041 432 4117 precibus
463 4040 537 4100 meis
568 4041 740 4118 frequenter
774 4040 848 4098 mihi
869 4041 972 4113 adest,
994 4042 1038 4100 ita
1060 4060 1106 4100 mo
1127 4059 1214 4118 spero

105 4169 215 4228 quoque
235 4150 294 4226 ipsi
317 4150 441 4209 subinde
463 4154 653 4226 praesentem
678 4169 749 4209 esee.
789 4149 891 4209 Facile
913 4149 1120 4211 animadverto
1135 4150 1214 4208 unde

105 4258 176 4318 istae
206 4257 373 4318 calumniae
407 4277 479 4335 erga
500 4278 546 4317 me
571 4259 767 4334 proveniant,
789 4259 867 4317 bona
888 4259 1008 4332 quidem
1031 4259 1215 4318 conscientia

106 4369 194 4429 fretus
217 4369 351 4428 dolorem
371 4368 446 4426 mihi
467 4369 597 4445 aliquem
619 4367 776 4440 adierunt,
799 4367 851 4426 sod
871 4386 931 4426 non
955 4368 1019 4426 tarn
1035 4385 1125 4427 cauea
1138 4386 1213 4439 mea,

106 4497 190 4555 quam
213 4478 324 4554 ipsius,
357 4479 437 4556 quod
461 4478 580 4540 videam
601 4478 685 4537 nulla
706 4496 772 4536 eam
793 4477 890 4536 adhue
912 4475 1105 4553 poenitudine
1128 4477 1213 4549 duci,

107 4589 134 4646 et
162 4607 287 4666 graumc
319 4608 365 4648 me
395 4589 429 4647 in
451 4588 501 4660 iis,
525 4607 601 4665 quae
622 4589 704 4646 recto
731 4588 809 4664 scit,¹
825 4586 902 4646 falsa
923 4605 1003 4657 osso,
1025 4585 1067 4644 sie
1089 4585 1157 4646 vivo
1184 4588 1215 4644 ot
