3028 5348
477 557 636 602 1111111111
668 559 797 603 senuna.
1155 545 1192 605 61

86 722 141 796 ejus
165 740 220 795 pro
252 738 361 798 magno
392 721 534 782 beneficio
562 720 618 780 Dei
640 721 769 798 accipio,
790 721 952 782 voluerunt
973 725 1004 781 et
1024 721 1140 784 Sathan
1160 727 1192 785 et

85 829 190 890 inimici
219 830 293 904 mei,
325 830 357 888 in
389 848 422 890 eo
454 849 484 890 se
516 831 658 891 adversus
688 849 735 889 me
756 830 875 905 ulcisci,
898 831 950 889 sed
971 831 1117 892 Dominus
1138 851 1191 909 per
1238 841 1240 850 “

86 939 208 1014 ejusdem
239 939 380 999 factionis
410 938 545 999 homines
569 939 600 997 id
626 940 766 1001 avertit..
788 939 854 998 Hoc
874 940 1065 1000 vehementer
1090 943 1192 1000 tecum

85 1052 193 1123 metuo,
225 1068 290 1120 eos,
322 1049 426 1124 quiin
448 1049 528 1126 agris
549 1049 672 1122 vivunt,
700 1066 737 1106 ne
762 1049 958 1107 domunculas
978 1048 1099 1124 quidem
1121 1067 1190 1109 suas

85 1175 234 1233 progressu
253 1156 397 1231 temporis
417 1157 517 1216 salvas
539 1159 783 1228 conservaturos,
798 1156 855 1215 nisi
869 1156 1015 1216 Dominus
1028 1157 1191 1218 adventum

86 1284 179 1337 suum,
200 1284 289 1340 quem
308 1265 398 1324 multi
419 1264 461 1340 pii
481 1265 513 1322 in
536 1264 598 1323 dies
619 1266 795 1341 expectant,
818 1265 1038 1325 acceleraverit.
1080 1266 1190 1325 Dolen-

86 1377 126 1432 ter
155 1374 271 1447 audivi,
303 1373 383 1448 quod
412 1374 448 1431 de
471 1372 678 1450 gubernatore·
702 1376 806 1434 nostro
826 1373 973 1450 attigisti,
1002 1374 1097 1434 simile
1118 1377 1191 1451 quid

85 1482 257 1560 significarit
288 1480 361 1540 mihi
393 1499 512 1556 praeses
541 1484 644 1540 noster
674 1480 805 1558 Aysma,
837 1481 888 1540 sed
909 1481 941 1540 in
962 1502 1084 1560 genere,
1106 1486 1191 1562 nulla

86 1608 168 1650 eausa
198 1591 356 1666 speciatim
386 1591 460 1649 mihi
485 1591 642 1666 explicata.
684 1590 886 1650 Nihilominus
906 1609 968 1649 non
990 1610 1112 1668 prorsus
1135 1592 1191 1652 ali·

85 1717 166 1758 enum
194 1702 242 1760 est
263 1703 428 1772 enatura,
461 1718 550 1774 quam
573 1699 664 1758 multi
685 1698 717 1758 in
738 1717 772 1758 eo
791 1700 856 1775 jam
878 1699 950 1760 olim
974 1701 1191 1777 repraehende-

85 1811 158 1868 runt.
197 1808 376 1883 Quanquam
397 1806 515 1866 doleam
535 1795 659 1866 eandem
679 1806 759 1882 apud
780 1825 835 1866 nos
858 1826 926 1866 eum
951 1807 1059 1867 damno
1074 1810 1190 1885 patriae

84 1919 193 1977 nostrae
213 1935 384 1994 erumpere,
406 1917 491 1993 quasi
512 1916 720 1976 calamitatum
742 1934 803 1975 non
824 1917 898 1976 satis
921 1916 977 1989 sit,
998 1917 1057 1976 nisi
1077 1918 1127 1977 ille
1139 1936 1190 1978 eas

85 2029 191 2102 augeat.
242 2027 280 2085 In
309 2026 398 2086 initio
429 2045 483 2102 pro
504 2027 630 2086 lenitate
654 2029 781 2086 naturae
805 2029 927 2086 nostrae
948 2026 1037 2086 nimis
1058 2027 1189 2087 multum

85 2135 183 2195 exteris
202 2135 413 2194 abblandimur
436 2138 467 2195 et
487 2135 693 2212 indulgemus,
714 2155 774 2212 qua
796 2135 922 2194 lenitate
936 2138 1041 2195 nostra
1055 2136 1127 2195 dum
1141 2137 1188 2196 illi

85 2217 257 2316 abutuntur,
289 2244 407 2303 difficile
438 2263 487 2304 eos
518 2247 622 2320 postea
653 2245 686 2303 in
707 2245 811 2304 ordine
832 2245 1035 2318 continemus,
1057 2245 1106 2306 vel
1125 2264 1187 2305 non

86 2353 140 2412 sine
166 2353 252 2430 gravi
280 2354 493 2426 commotione,
515 2355 565 2412 sed
590 2356 692 2413 tamen
714 2354 794 2414 suasi
817 2355 943 2428 nostris,
965 2355 1045 2431 quod
1065 2354 1098 2413 in
1118 2373 1186 2432 rege

86 2480 131 2521 ano
156 2463 231 2522 ferre
263 2463 442 2537 noluerunt,
473 2463 674 2540 nequicquam
699 2465 796 2530 etiam
826 2465 859 2523 in
888 2465 940 2524 illo
961 2465 1077 2540 ferant,
1098 2486 1186 2543 quem

85 2590 136 2632 uon
155 2574 191 2632 ad
210 2573 340 2644 malum,
362 2573 414 2631 sed
434 2573 472 2631 ad
490 2572 602 2631 bonum
622 2575 761 2632 nostrum
783 2553 952 2635 ascirimus.
993 2575 1072 2634 Male
1095 2576 1186 2636 etiam

85 2699 125 2738 me
151 2682 255 2755 habet,
289 2681 368 2757 quod
399 2681 457 2741 tibi
487 2680 564 2740 nihil
590 2681 641 2739 1111
672 2681 812 2756 prodesse
845 2683 994 2774 potuerit,
1017 2684 1065 2745 vel
1086 2685 1187 2761 potius

85 2793 153 2866 qnod
171 2811 232 2851 non
253 2810 342 2851 ausus
362 2791 454 2850 fueris
475 2791 662 2868 promotione
683 2791 778 2868 ipsius
791 2791 847 2849 nti.
888 2792 958 2851 Non
972 2792 1103 2854 arbitror
1116 2813 1186 2854 nos·

85 2901 140 2960 tros
159 2904 220 2978 ejus
242 2901 336 2961 animi
356 2919 434 2974 esse,
456 2900 536 2976 quod
557 2919 670 2973 omnes,
694 2900 749 2977 qui
769 2881 892 2960 alterius
913 2905 985 2962 sunt
1004 2903 1184 2982 provinciae,

84 3011 126 3068 rel
153 3013 252 3087 potius
277 3015 341 3070 tam
362 3011 478 3071 vicinae
499 3030 518 3070 1
538 3013 646 3070 senatu
665 3011 698 3069 in
719 3013 874 3089 posterum
894 3012 1048 3072 excludere
1072 3013 1186 3089 velint,

84 3135 131 3178 nec
158 3121 289 3181 arbitror
318 3140 477 3180 numerum
507 3122 539 3180 in
567 3140 601 3182 eo
622 3122 719 3180 adhuc
740 3123 921 3197 completum
942 3140 1014 3181 esse.
1055 3121 1106 3180 An
1125 3140 1187 3182 non

85 3245 146 3308 ergo
165 3231 297 3290 animum
318 3231 356 3289 ad
377 3249 442 3290 eam
462 3230 639 3308 dignitatem
661 3230 816 3290 habuisti?
829 3229 862 3288 in
877 3247 937 3306 qua
951 3229 1112 3290 obtinenda
1125 3250 1186 3292 non

83 3335 126 3397 ille
145 3341 256 3414 solum,
278 3341 330 3400 sod
351 3343 382 3399 et
403 3341 455 3398 alii
475 3358 647 3400 communes
668 3339 758 3399 amici
777 3339 874 3398 nostri
890 3340 998 3415 juvare
1019 3343 1050 3399 te
1071 3338 1186 3415 potuis·

84 3446 149 3509 serit.
199 3449 257 3509 Sed
288 3469 324 3509 ex
354 3451 450 3510 literis
470 3451 531 3509 tuis
552 3450 773 3521 animaduerto,
795 3451 827 3508 te
848 3449 945 3508 solum
966 3451 1005 3510 ad
1024 3450 1184 3527 pristinum

83 3558 160 3618 tuum
189 3560 319 3620 officium
349 3560 510 3636 respicere,
543 3577 578 3619 ao
599 3560 676 3620 forte
699 3563 861 3636 antequam
886 3560 943 3619 hae
963 3544 1129 3622 1111111111
1155 3564 1187 3622 11
1263 3569 1266 3574 ’

83 3671 269 3738 perventurae
299 3671 432 3730 suntad
457 3670 533 3729 illud
555 3671 664 3730 iterum
686 3672 811 3730 vocatus
832 3671 904 3742 eris,
936 3690 1029 3747 eoque
1049 3689 1130 3730 nuno
1151 3689 1186 3730 ex

82 3780 143 3836 voto
173 3780 227 3838 tuo
258 3778 400 3857 fungeris.
450 3780 632 3856 Hujusmodi
657 3779 736 3838 enim
767 3781 965 3841 mutationem
996 3783 1028 3840 in
1048 3780 1186 3857 partibus

81 3888 181 3947 rostris
211 3877 324 3948 factam
355 3889 568 3970 intelligimus,
589 3892 625 3948 ut
645 3889 776 3950 arbitrer
796 3910 901 3967 agrum
921 3890 1050 3968 pristina
1073 3908 1129 3948 sua
1148 3891 1185 3948 li·

80 3991 202 4070 hertate,
224 3997 322 4058 invita
342 3997 436 4074 impia
457 3998 582 4059 civitate
601 3998 677 4070 1111,
700 3998 756 4058 sibi
766 3999 817 4074 jus
832 3999 945 4070 dicere,
961 3999 1081 4075 suisque
1095 3997 1184 4058 rebus

80 4121 125 4176 pro
145 4105 344 4194 arbitrio—suo
365 4107 421 4166 uti.
464 4105 579 4168 Ciuitas
600 4108 691 4167 etiam
713 4107 772 4166 nisi
791 4108 824 4165 in
845 4109 979 4181 tempore
1009 4107 1184 4184 resipuerit,

81 4231 180 4286 poenas
211 4217 273 4274 irae
304 4216 360 4275 Dei
390 4235 452 4276 non
483 4217 598 4278 evadet.
650 4216 783 4288 Quodsi
807 4233 842 4274 ea
862 4235 913 4290 spo
934 4214 1022 4274 ambo
1043 4215 1185 4277 frustrati

80 4321 214 4386 1111111111
234 4325 404 4402 ubicunque
424 4344 521 4386 meam
543 4345 663 4403 operam
685 4330 715 4386 et
736 4324 1024 4386 commendationem
1045 4324 1184 4400 profutu-

81 4449 138 4492 ram
159 4435 303 4528 tibilesse
325 4435 463 4513 putabis,
481 4455 530 4522 'ea
551 4455 667 4514 semper
687 4436 745 4495 tibi
765 4436 874 4512 parata
894 4433 962 4492 erit.
1002 4432 1183 4525 1111111111-

82 4558 140 4615 pem
158 4544 322 4604 Auraieum
342 4546 468 4622 ipsemet
488 4565 643 4622 nunquam
665 4545 785 4621 scripsi,
807 4544 859 4602 sed
879 4541 959 4618 quod
979 4542 1052 4602 seire
1076 4541 1182 4605 Excel-

83 4648 193 4712 lentiam
214 4652 279 4729 ejas
299 4655 404 4727 velim,
436 4655 484 4714 vel
505 4655 531 4714 si
554 4655 627 4733 quid
648 4654 767 4714 nomine
788 4653 991 4728 cujuscunque
1012 4651 1128 4728 petam,
1149 4656 1179 4718 id
