3020 5360
453 494 495 536 sn
515 493 656 536 ciconum
675 491 883 536 urnunovrnn.
1179 473 1236 534 183

116 659 192 716 tuas
223 655 429 731 respondenda
459 674 522 715 osse
553 652 641 726 duxi,
666 671 742 731 quae
769 651 856 712 utin
878 649 1028 728 bouamfa
1048 671 1095 711 me
1115 653 1233 728 partem
1299 724 1302 730 .

116 768 151 826 et
184 769 220 825 tu
251 767 283 824 at
309 765 378 838 alii,
410 763 517 842 quibus
553 781 588 822 aa
616 760 867 836 communicabis,
900 759 1055 837 accipiatis
1080 777 1163 837 rogo.
1202 757 1240 818 In

117 873 179 932 hoc
208 871 265 932 Dei
300 871 425 950 negocio
445 887 574 949 agnosco
596 847 693 930 meam
715 869 875 929 infantiam
895 870 927 928 et
945 867 1145 944 imperitiam,
1165 886 1239 946 qua·

117 983 245 1058 proptor
276 979 349 1057 ipsis
381 978 471 1038 rebus
502 977 626 1056 agendis
646 977 793 1038 haetenus
814 977 978 1054 adjungere
1001 996 1048 1036 ms
1068 994 1129 1035 nou
1149 993 1239 1035 ausus

117 1087 184 1162 fni,
213 1107 268 1148 neo
299 1088 396 1148 adhuc
429 1086 533 1146 audeo.
582 1086 663 1146 Bene
685 1085 777 1162 salo,
809 1084 856 1145 vir
887 1083 1107 1158 amantissime,
1134 1084 1167 1143 in
1190 1101 1239 1156 oo,

118 1195 177 1276 qui
196 1214 251 1255 nos
271 1195 376 1255 dilexit
396 1194 515 1255 homine
537 1193 588 1253 illo
603 1193 623 1253 J
625 1213 694 1267 esu,
708 1193 761 1272 qui
774 1210 837 1251 uua
850 1211 924 1257 cum,
933 1191 1026 1252 verbo
1041 1194 1088 1251 est
1102 1189 1239 1251 Christus

118 1304 203 1364 filins
224 1305 281 1364 Dei
302 1305 378 1379 vivi,
402 1305 551 1365 Dominus
571 1307 603 1364 et
625 1302 708 1363 Deus
728 1305 847 1375 noster,
868 1319 930 1362 nou
950 1304 1106 1376 creatura,
1126 1303 1162 1361 ut
1182 1300 1243 1360 Da-

117 1431 216 1474 naeus
236 1413 327 1490 impie
347 1414 433 1475 vobis
453 1414 492 1473 ad
512 1413 676 1492 perniciem
696 1414 831 1473 vestram
853 1410 1032 1487 persuadere
1052 1411 1189 1471 conatur.

164 1519 267 1597 Spirae
290 1519 429 1582 Calendis
450 1521 524 1580 Maii
547 1521 635 1582 1583.

581 1705 771 1716 -ιι-ι-

118 1837 173 1898 78.
406 1855 564 1897 emonam
584 1855 788 1900 nonnum...
819 1857 854 1897 su
875 1837 944 1897 Lier
974 1839 1003 1897 iu
1025 1835 1239 1898 Oestcrieslaud.

363 1947 427 2006 Dec
447 1947 560 2024 hemer
581 1947 599 2005 2
622 1956 727 2009 stucer.

828 2122 947 2202 Speier,
969 2125 1007 2183 25
1028 2123 1090 2184 Mai
1112 2123 1200 2184 1583.

166 2301 198 2380 (4
218 2300 294 2360 Julii
316 2301 411 2360 durch
432 2301 481 2360 ein
502 2299 612 2361 Emdar
631 2299 776 2378 Schipper
796 2301 996 2381 emplangen).

164 2477 308 2538 Salutem.
349 2477 395 2537 Ex
416 2479 568 2554 adjunctis
588 2479 685 2540 literis
709 2479 877 2558 intelliges,
898 2481 947 2542 vir
966 2479 1146 2553 clarissime,
1167 2481 1240 2562 quid

120 2587 200 2649 mihi
230 2588 395 2649 Huldricus
426 2587 465 2648 ab
494 2591 623 2649 Eussnm
653 2590 827 2667 cambati),
850 2591 973 2670 etquid
995 2609 1049 2669 ego
1072 2590 1241 2670 eirespon·

121 2697 228 2757 derim.
269 2697 312 2757 Te
332 2701 434 2759 tamm
456 2701 487 2759 ot
508 2698 693 2759 Fridericum
716 2702 854 2760 nostrum
875 2698 1016 2778 rogatum
1036 2701 1122 2775 volo,
1142 2717 1180 2759 ne
1201 2697 1239 2758 ob

121 2805 157 2864 id
176 2805 337 2881 desinatis,
357 2808 430 2886 quid
450 2807 491 2867 sit
511 2807 548 2866 de
570 2807 747 2885 hypothecis
768 2809 829 2868 illis
850 2809 1016 2888 inquirere,
1047 2828 1103 2869 nec
1127 2809 1241 2868 efficere
1308 2781 1312 2788 ’

122 2915 310 2992 gravemini,
331 2919 366 2976 ut
388 2916 522 2975 omnium
536 2917 808 2977 instrumentorum
822 2917 922 2994 copias
935 2919 1076 2978 habeant.
1118 2917 1149 2976 Si
1162 2917 1241 2978 forte

123 3025 246 3085 malunt
275 3027 391 3099 mcum,
422 3043 513 3105 quam
544 3045 612 3084 cum
643 3025 801 3086 Fredeuioo
829 3044 932 3104 agere,
952 3030 1020 3086 tum
1041 3027 1165 3086 eandem
1184 3026 1242 3087 tibi

123 3135 339 3195 auctoritatem
366 3134 485 3209 tribuo,
512 3155 604 3215 quam
631 3136 677 3196 illi
700 3137 785 3210 dedi,
810 3139 871 3197 imo
893 3154 964 3198 vero
986 3137 1163 3213 ampliorem
1183 3136 1241 3196 tibi

122 3244 172 3304 his
199 3245 295 3305 literis
323 3265 493 3306 concessam
521 3248 606 3323 volo,
627 3250 664 3308 ut
687 3247 718 3306 id
742 3247 884 3309 videlicet
903 3266 970 3307 meo
991 3247 1113 3308 nomine
1131 3245 1240 3319 facias,
1325 3317 1326 3320 Ἴ

123 3353 206 3433 quod
226 3353 283 3413 tibi
304 3373 433 3434 aequum
455 3358 486 3415 et
501 3357 619 3432 justum
641 3355 804 3418 videbitur.
844 3355 893 3415 Ad
914 3355 1017 3415 literas
1032 3357 1102 3414 tuas
1114 3354 1239 3414 ultimas

119 3463 302 3539 jampridem
334 3464 391 3524 tibi
422 3465 577 3542 respondi,
599 3468 630 3526 et
654 3466 687 3525 in
710 3465 797 3526 novis
816 3465 849 3524 in
868 3465 932 3525 diae
956 3464 1086 3524 certiora
1106 3466 1240 3541 expecto.

124 3573 184 3633 Est
213 3572 261 3632 hic
293 3573 498 3648 deputationis
528 3573 608 3648 dies,
638 3574 788 3653 adquam
812 3572 1241 3635 electorOoloniensisetiam

125 3699 196 3742 suos
216 3681 314 3756 misit,
336 3683 422 3759 cujus
443 3682 603 3761 legationis
625 3686 718 3759 caput
737 3687 784 3743 est
803 3682 877 3743 baro
899 3683 935 3742 de
948 3680 1147 3760 Winenberg,
1161 3681 1242 3740 filius

125 3791 224 3865 major
250 3790 361 3868 judicis
395 3791 553 3865 Gamerae,
586 3793 639 3872 qui
659 3791 698 3851 ad
723 3793 887 3853 adventum
908 3792 963 3851 filii
983 3791 1080 3852 altero
1100 3789 1148 3849 die
1167 3789 1241 3849 urbe

125 3899 183 3958 hae
203 3899 345 3976 excessit,
366 3901 485 3980 alioque
506 3901 658 3977 profectus
678 3904 733 3960 est.
781 3900 850 3960 Jam
871 3900 949 3961 forte
969 3918 1066 3963 novus
1087 3897 1242 3975 episcopus

127 4026 147 4067 a
166 4007 299 4084 capitulo
325 4008 439 4069 electus
472 4012 532 4082 est,
564 4009 628 4068 dies
649 4009 730 4068 enim
751 4008 907 4069 electionis
928 4008 1113 4069 constitutus
1135 4009 1183 4067 est
1202 4008 1241 4066 22

127 4118 227 4194 hujus.
269 4117 334 4188 Qua
353 4118 435 4178 facta
454 4137 516 4179 non
541 4119 663 4180 omittet
687 4119 740 4178 ille
761 4119 933 4198 quicunque
957 4119 1114 4178 ordinatus
1134 4116 1241 4189 luerit,

126 4227 219 4286 etiam
239 4243 309 4288 suos
329 4228 444 4305 legatos
466 4227 666 4289 incontinenti
686 4228 745 4288 huc
766 4228 915 4306 ablegare.
956 4226 1003 4285 Ibi
1023 4230 1090 4287 tum
1104 4229 1242 4301 erumpat

125 4355 244 4398 necesse
275 4341 337 4410 est,
368 4357 428 4417 quo
458 4338 671 4414 ¹Protestsntos
695 4356 797 4399 omues
817 4337 975 4398 inclinent.
1015 4336 1241 4396 Pontificiorum

126 4465 210 4510 mens
230 4450 262 4507 et
281 4447 423 4508 voluntas
445 4448 519 4509 satts
540 4449 615 4508 nota
635 4451 696 4523 est,
717 4447 802 4528 sique
827 4443 872 4504 illi
893 4444 1057 4521 persistant
1080 4444 1113 4503 in
1133 4461 1169 4503 ea
1189 4461 1241 4501 cu·

160 4611 186 4679 1)
221 4611 307 4661 Dieron
323 4611 393 4662 Briel
406 4610 475 4663 lehlt.
