3028 5348
497 525 653 570 srmruro
675 526 804 571 norrun.
1158 505 1197 566 43

96 709 150 749 sem
177 709 323 750 summam
355 690 395 750 ad
425 688 603 749 solutionem
643 687 796 748 honorarii
821 687 916 748 nostri
947 685 1134 747 contribuere
1165 688 1196 744 et

95 801 211 861 exolvere
232 799 336 861 vultis.
377 799 422 858 De
448 798 574 858 caeteris
598 798 631 856 in
652 798 719 857 aliis
747 797 854 857 literis.

31 913 32 916 ’
130 907 201 966 Bene
221 907 288 967 vele
310 906 422 982 optime
444 908 475 966 et
499 905 702 965 amentissime
723 905 794 965 Acti
821 907 853 965 in
875 923 925 978 eo,
946 905 998 986 qui
1017 925 1073 966 nos
1092 904 1197 965 dilexit

95 1014 197 1076 Christo
213 1014 342 1075 Domino
365 1016 397 1074 et
423 1013 486 1073 Deo
510 1016 624 1074 nostro.
667 1014 881 1093 Frequentiore
903 1015 1064 1092 scriptione
1085 1015 1121 1074 de
1142 1033 1195 1075 ve·

94 1127 137 1186 riis
158 1125 243 1186 rebus
263 1124 391 1200 publicis
415 1125 446 1184 et
467 1124 596 1200 privetis
617 1124 724 1183 vellem
747 1125 908 1201 pristinem
932 1125 1013 1186 inter
1032 1141 1087 1184 nos
1102 1122 1196 1184 'femi-

94 1235 240 1296 lieritetem
269 1221 418 1295 renovari.
470 1231 615 1294 Omnibus
647 1233 729 1294 notis
764 1239 795 1296 et
826 1236 929 1296 amicis
963 1253 1082 1296 omnem
1106 1252 1125 1294 e
1147 1252 1196 1293 me

96 1343 217 1405 selutom.
276 1435 279 1440 ,

130 1454 276 1528 Coloniae,
300 1454 316 1512 1
339 1453 425 1513 Febr.
449 1453 536 1513 1580.

98 1785 137 1846 26.
327 1787 374 1844 Ec
394 1787 478 1844 literis
500 1803 652 1845 nrurrrur
673 1802 735 1846 vsu
755 1803 817 1846 unu
836 1786 956 1868 Mrssr.

129 2021 168 2082 De
186 2021 332 2098 stipendio
354 2025 457 2082 nostru
482 2010 711 2082 Meetlrirolrium
732 2025 764 2084 et
784 2042 831 2083 me
852 2023 891 2083 ud
914 2023 999 2084 illem
1020 2022 1199 2103 assignatio·

96 2149 168 2206 nem,
188 2150 263 2210 quse
283 2133 365 2191 inter
385 2131 554 2208 provincias
575 2131 656 2191 facte
670 2135 734 2206 est,
758 2129 883 2192 Ordines
897 2133 1092 2211 remiserunt,
1106 2155 1199 2216 quere

96 2241 337 2301 adlaborandum
357 2241 443 2300 nobis
470 2239 544 2314 crit,
569 2242 643 2300 utu
668 2241 780 2302 nostris
801 2242 979 2303 solutionem
1000 2244 1200 2316 obtineamus,

95 2349 179 2410 Tuum
199 2351 256 2411 erit
277 2353 317 2412 ad
338 2351 449 2412 Frisios
470 2353 539 2410 tuos
563 2353 653 2430 etque
679 2351 908 2413 Transisulenos
930 2354 1076 2431 scribere,
1107 2360 1143 2417 ut
1164 2375 1199 2418 ex

95 2460 215 2536 portione
246 2462 300 2521 ille.
333 2466 424 2541 etque
449 2461 591 2539 pecunie,
613 2481 689 2540 quae
714 2462 775 2522 illis
795 2463 910 2523 indicte
931 2467 978 2525 est
999 2465 1036 2524 ed
1058 2469 1198 2544 sumptus

96 2567 172 2645 hujus
198 2570 359 2648 legationis
392 2571 559 2643 faciendos,
592 2569 621 2629 id
653 2571 733 2650 quod
757 2572 814 2632 tibi
835 2573 974 2649 debetur,
996 2575 1146 2637 deducant
1168 2577 1199 2636 et

96 2677 142 2738 tibi
168 2672 328 2744 reservent.
383 2683 467 2743 ldem
487 2684 523 2742 ut
543 2681 657 2742 fuciunt
678 2683 815 2744 dominus
836 2683 872 2743 de
892 2684 1098 2746 Kellenbruck
1119 2682 1199 2763 apud

97 2784 206 2852 Geldros
230 2795 262 2852 et
288 2791 426 2852 dominus
458 2792 493 2852 de
517 2791 656 2852 Rhumen
677 2793 758 2869 apud
780 2792 949 2855 Brubentos
970 2814 1024 2872 per
1044 2794 1199 2856 domiuum

96 2895 124 2956 de
142 2897 253 2961 Dohem
275 2919 382 2979 operae
406 2900 537 2977 pretium
558 2917 621 2962 esse
643 2901 781 2962 existimo
802 2904 859 2964 etc.
969 2954 972 2959 ,

538 3233 728 3244 mn-

416 3521 423 3537 .
437 3520 443 3535 .
456 3522 463 3537 .
476 3495 648 3537 uersuum
670 3495 805 3538 norrun.
819 3521 826 3538 .
839 3523 846 3539 .
859 3521 866 3541 .
884 3479 975 3557 rspice
988 3474 1199 3540 camerueGro·

439 3589 538 3665 ue'epue
559 3588 752 3650 seuetuu'o.'’.
765 3635 772 3649 .
786 3634 791 3648 .
806 3635 812 3649 .

734 3789 737 3798 ’
808 3796 903 3870 Koln,
923 3797 940 3856 5
961 3795 1049 3858 Febr.
1071 3795 1160 3858 1580.

125 3994 263 4060 Salutem.
303 3999 373 4061 Misi
397 4000 508 4061 nudius
532 4001 641 4061 tertius
667 4001 705 4060 sd
730 4005 761 4062 te
782 4003 900 4076 literas,
922 4002 987 4062 heri
1007 4000 1107 4078 accepi
1121 4003 1201 4060 tuas.

91 4102 129 4163 De
157 4109 356 4185 gubernatore
387 4113 492 4171 nostro
525 4111 606 4189 quod
640 4110 746 4170 scribis
777 4112 907 4189 gaudeo,
936 4115 969 4171 ut
996 4109 1203 4173 nostri,aliter

92 4203 216 4276 sentiunt
236 4219 267 4276 et
292 4217 439 4277 scribunt.
485 4215 516 4276 si
538 4237 585 4278 res
606 4236 636 4278 se
661 4217 770 4292 hebet,
803 4220 841 4278 ut
858 4218 890 4276 hi
912 4217 1063 4292 scribunt,
1084 4219 1150 4276 tum
1171 4219 1202 4276 ct

91 4340 138 4384 ros
158 4326 241 4388 robis
264 4328 376 4387 curete.
417 4327 497 4386 Nem
518 4345 579 4386 non
601 4327 722 4388 videtur
742 4326 815 4385 mihi
840 4325 923 4385 istud
948 4325 1123 4402 incepturus
1143 4325 1202 4386 nisi

96 4433 239 4496 existimet
264 4455 295 4496 se
327 4436 473 4512 majorem
503 4439 621 4514 partem
651 4436 785 4497 civitatis
816 4438 934 4496 restrae
959 4433 992 4493 in
1017 4451 1072 4492 sue
1095 4433 1203 4495 habere

92 4545 245 4614 potestate.
288 4543 433 4606 Omores
455 4548 486 4606 et
511 4549 660 4622 temperet
714 4544 865 4615 Quaeres
888 4543 991 4604 'temen
1012 4543 1088 4602 nulli
1109 4544 1204 4622 magis

93 4651 217 4730 nocebit,
239 4672 330 4733 quem
346 4655 414 4733 ipsi.
455 4654 580 4716 Utinam
601 4654 725 4734 legisset
738 4655 925 4732 protocolum
939 4656 1092 4728 nostrum,
1114 4653 1194 4732 quod
