3020 5360
221 479 279 544 146
637 501 771 545 auersus
791 503 919 546 susum.

225 668 275 724 cut
297 663 434 724 Christus
453 663 531 741 ipsc,
552 666 598 726 ita
617 685 672 726 neo
693 664 900 726 testimonium
925 682 1029 724 eorum
1049 666 1087 726 de
1108 666 1177 741 illo,
1198 687 1235 727 ne
1256 669 1341 744 apud

222 793 271 835 eos
303 793 439 851 quoque,
471 775 523 852 qui
557 777 588 835 et
620 775 703 852 ipsae
725 774 816 834 tubae
840 773 896 832 Dei
917 773 1057 848 fuerunt,
1078 776 1179 837 locum
1200 775 1340 837 invenire

220 883 330 960 potuit.
372 883 515 944 Nondum
544 884 624 944 enim
658 884 733 944 satis
765 883 914 958 plerisque
935 883 1131 944 antichristus
1150 888 1241 944 notus
1261 885 1339 960 fuit,

222 995 313 1068 atque
343 991 389 1052 ita
410 992 447 1051 de
470 992 583 1054 Christi
603 991 775 1070 cognitione
796 1010 855 1051 non
878 991 1039 1050 admodum
1059 992 1105 1050 illi
1127 992 1249 1053 solliciti
1272 993 1338 1053 lue·

222 1103 304 1160 runt.
357 1101 470 1161 Debuit
505 1101 599 1178 igitur
621 1101 819 1161 antichristus
845 1101 997 1160 erroribus
1021 1104 1053 1161 et
1072 1101 1254 1162 seheleritus
1274 1103 1338 1163 suis

223 1209 319 1288 magis
340 1227 374 1270 ac
392 1208 487 1288 magis
509 1208 710 1282 innotescere,
733 1209 916 1282 debuerunt,
937 1208 1078 1284 inquam,
1100 1212 1131 1269 et
1145 1211 1338 1270 sacerdotum

222 1321 254 1378 et
283 1317 452 1394 principum
484 1317 593 1390 animi,
627 1317 767 1376 similiter
800 1315 954 1376 doctrinae
973 1318 1005 1375 et
1024 1334 1121 1376 mores
1142 1335 1261 1392 eorum,
1283 1320 1337 1394 qui

222 1425 359 1486 adorant,
379 1425 505 1486 bestiam
537 1426 637 1498 illam,
671 1425 779 1500 exponi
810 1423 948 1483 omnibus
978 1425 1008 1482 et
1029 1424 1154 1499 aperiri,
1175 1427 1212 1486 ut
1232 1425 1274 1487 sic
1296 1427 1335 1486 ad

223 1533 376 1594 Christum
406 1533 499 1593 animi
529 1534 692 1594 electorum
714 1533 964 1604 accenderentur,
986 1533 1108 1609 ejusque
1131 1532 1278 1594 desiderio
1298 1535 1336 1594 li·

127 1666 130 1676 ·
222 1644 405 1704 berationem
428 1643 602 1704 ardentibus
624 1643 704 1704 votis
724 1646 754 1703 et
775 1642 912 1718 precibus
933 1642 972 1702 ab
988 1642 1167 1703 antichristo
1186 1646 1335 1718 peterent.

223 1752 303 1824 Quid
335 1753 372 1814 fit
397 1753 507 1813 hodie?
557 1753 601 1811 Ea
628 1772 705 1830 quae
726 1771 781 1829 pro
802 1751 896 1814 oculis
918 1753 990 1811 suut
1010 1751 1120 1812 referre
1141 1753 1336 1828 supersedeo,

222 1863 273 1922 sed
294 1863 349 1922 hoe
370 1862 467 1922 dicere
487 1863 570 1934 volo,
591 1881 652 1923 non
672 1880 760 1938 posse
781 1861 819 1921 iis
838 1860 985 1921 foeliciter·
1006 1860 1126 1934 cedere,
1147 1862 1199 1939 qui
1220 1862 1336 1940 aliquid
1361 1880 1364 1886 ·

223 1971 394 2031 antichristi
414 1971 563 2032 retinent:
584 1971 644 2031 imo
667 1971 719 2047 qui
739 1970 772 2030 in
793 1989 843 2043 eo,
865 1971 897 2029 in
918 1989 977 2046 quo
998 1970 1050 2029 ille
1071 1970 1244 2031 dominatur
1263 1991 1336 2033 con·

223 2083 272 2140 tra
293 2078 461 2153 Christum,
485 2080 564 2140 idem
586 2081 695 2140 docent
716 2082 748 2140 et
769 2080 914 2139 sentiunt.
956 2078 1036 2138 Nam
1057 2080 1206 2156 quomodo
1218 2080 1261 2140 ibi
1274 2100 1337 2142 non

223 2209 277 2267 par·
298 2192 375 2250 esset
395 2207 507 2267 poena,
529 2188 582 2248 ubi
603 2187 717 2264 paritor
735 2186 874 2272 Christus
893 2187 1004 2265 injuria
1025 2187 1169 2260 afficitur,
1190 2191 1221 2250 et
1240 2191 1336 2267 major

223 2299 321 2358 adhuc
352 2299 411 2373 ibi,
442 2298 495 2357 ubi
523 2298 592 2375 plus
622 2296 738 2375 gratiae
770 2300 801 2357 et
820 2296 897 2356 lucis
917 2300 1074 2373 acceptum
1096 2300 1151 2357 est.
1192 2298 1240 2356 Ad
1262 2298 1336 2374 quid

223 2407 271 2467 hic
302 2407 364 2468 dios
395 2406 577 2468 visitationis
607 2404 665 2466 Dei
696 2406 812 2466 servit?
840 2405 915 2478 nisi,
937 2408 973 2466 ut
992 2406 1189 2467 antichristus
1209 2407 1336 2482 patefiat

222 2519 254 2576 et
275 2516 399 2594 patefiat
419 2517 452 2576 in
472 2535 506 2576 eo
527 2516 734 2593 potissimum,
755 2516 836 2591 quod
858 2513 977 2575 Christo
999 2515 1111 2593 eripuit
1133 2518 1163 2576 et
1180 2516 1238 2576 sibi
1252 2536 1336 2577 arro·

223 2626 317 2704 gavit.
358 2625 424 2685 Hoc
454 2645 525 2687 vero
557 2624 686 2702 praediti
708 2624 755 2683 illi
775 2624 834 2683 duo
855 2627 949 2684 testes
970 2625 1165 2703 singulan‘ter
1184 2626 1240 2686 hoo
1259 2629 1336 2686 tem·
1361 2707 1364 2713 Ι

223 2753 295 2812 poro
325 2735 559 2811 praestiterunt,
591 2733 644 2794 sed
673 2733 773 2793 locum
797 2733 877 2810 apud
898 2733 1043 2792 mundum
1064 2752 1126 2794 uon
1146 2734 1337 2796 invenerunt.

223 2843 303 2904 Hinc
323 2845 512 2905 calamitates
532 2847 669 2917 nostrae,
690 2862 766 2920 quae
788 2843 880 2903 etiam
898 2843 987 2902 finem
1001 2861 1060 2903 non
1073 2846 1144 2903 sunt
1160 2848 1337 2920 accepturae

223 2953 317 3014 donec
354 2955 528 3032 prophetiae
561 2972 665 3013 eorum
697 2951 888 3012 satisfactum
919 2952 1030 3025 fuerit,
1062 2953 1119 3012 hoc
1151 2955 1211 3025 est,
1243 2954 1338 3014 donec

225 3059 362 3122 Christus
393 3061 436 3120 sic
467 3060 610 3120 doceatur
641 3061 672 3118 et
697 3058 883 3135 predicetur,
906 3060 998 3134 prout
1018 3058 1064 3116 illi
1084 3058 1121 3118 de
1142 3076 1176 3118 eo
1197 3059 1338 3120 attestati

224 3173 303 3232 sunt.
345 3170 403 3230 Sed
432 3190 470 3230 ne
491 3169 613 3230 nomina
633 3187 737 3228 eorum
757 3167 917 3244 ignoretis,
939 3170 1012 3228 sunt
1031 3167 1212 3228 Valentinus
1233 3168 1338 3228 Orato-

224 3281 311 3341 aldus
343 3282 374 3338 et
404 3277 517 3354 Oaspar
545 3275 826 3338 Schwenclrfeldius.
878 3275 966 3336 Illius
988 3276 1103 3352 scripta
1121 3294 1219 3354 pauca
1238 3276 1270 3337 in
1289 3276 1337 3335 lu-

225 3410 289 3451 cem
320 3392 483 3461 renerunt,
515 3388 594 3465 quod
624 3386 740 3447 invidia
772 3386 961 3462 quorundam
981 3385 1100 3462 publice
1120 3388 1336 3462 postmortem

225 3501 288 3577 ejus
309 3501 416 3558 exusta
435 3497 558 3557 tuerint.
598 3495 697 3572 Hujus
719 3513 789 3557 vero
811 3495 924 3572 scripta
944 3495 1041 3553 multa
1062 3497 1196 3568 exstent,
1211 3495 1263 3554 sed
1277 3513 1338 3554 non

225 3608 341 3681 omnia,
362 3607 434 3684 quia
453 3605 588 3682 praelum
609 3605 669 3663 illis
688 3604 800 3680 ubique
821 3601 1016 3664 interdictum
1037 3606 1093 3663 est.
1134 3602 1247 3662 Verum
1269 3622 1337 3664 cum

225 3719 273 3779 hio
304 3716 352 3778 vir
383 3735 444 3775 non
475 3716 534 3776 nisi
556 3715 588 3774 in
609 3733 663 3774 sua
683 3713 789 3792 lingua
809 3713 978 3789 scripserit,
1000 3731 1077 3790 quae
1097 3732 1159 3774 non
1178 3715 1279 3790 potest
1299 3713 1338 3773 ab

226 3828 365 3888 omnibus
396 3826 482 3888 vobis
511 3825 655 3902 intelligi,
688 3823 770 3885 volui
800 3821 984 3900 ingratiam
1004 3823 1135 3882 vestram
1156 3840 1192 3882 ac
1210 3822 1339 3882 aliorum

226 3957 358 4017 quoque,
391 3935 444 4012 qui
473 3933 612 3995 veritatis
644 3932 724 4009 apud
754 3949 810 3990 nos
841 3930 968 3990 studiosi
989 3933 1076 4003 sunt,
1099 3930 1238 4010 exiguum
1259 3931 1340 3992 hunc

225 4048 376 4120 libellum,
399 4045 450 4123 qui
469 4047 500 4105 et
520 4062 635 4121 cygnea
654 4041 750 4119 ipsius
771 4039 871 4100 cantio
892 4039 969 4113 fuit,
991 4041 1114 4116 utpute,
1136 4059 1226 4116 quem
1246 4041 1338 4116 paulo

226 4164 296 4220 ante
326 4160 453 4218 mortem
475 4173 559 4215 suam
581 4151 772 4228 conscripsit,
800 4151 832 4209 in
852 4151 987 4226 linguam
1008 4149 1136 4210 latinam
1157 4149 1338 4223 transferre,

226 4272 262 4330 ut
283 4289 318 4330 ex
337 4269 393 4329 hoc
414 4267 522 4328 saltem
544 4263 644 4323 libello
666 4260 869 4339 cognoscatis,
891 4259 1040 4336 quomodo
1062 4277 1093 4320 se
1114 4259 1225 4318 habeat
1250 4259 1339 4319 istius

227 4380 285 4442 viri
306 4379 459 4451 doctrina,
480 4393 557 4453 quae
577 4374 665 4432 tanto
686 4370 773 4428 hodie
794 4369 874 4446 apud
901 4366 1036 4427 omnium
1057 4366 1248 4426 ecclesiarum
1269 4366 1340 4426 doc·

226 4491 306 4550 tores
327 4483 512 4562 contemptui
533 4481 602 4542 odio
623 4484 654 4541 et
674 4477 857 4539 execrationi
877 4476 990 4536 existit.
1037 4473 1093 4534 Est
1113 4476 1215 4534 tamen
1237 4492 1339 4534 coram

226 4605 289 4666 Deo
320 4597 457 4661 doctrina
486 4593 540 4652 illa
570 4591 692 4651 unicum
713 4587 852 4649 veritatis
873 4584 1053 4646 christianae
1073 4583 1298 4659 testimonium,
1320 4603 1339 4644 a
