3028 5348
298 504 338 562 60
718 515 850 558 necinus
871 515 999 556 111111.

301 697 409 739 manus
443 676 568 738 anobis
600 674 769 736 adhibenda
798 674 855 750 sit,
887 673 962 734 nihil
990 674 1073 734 ultra
1094 674 1243 752 agendum
1263 676 1424 751 putarem,

302 805 393 864 quam
413 787 450 846 11
469 784 589 863 publice
609 785 642 844 in
663 782 783 860 templis
804 783 868 843 loco
890 782 1081 855 concionum,
1098 782 1242 843 lectiones
1262 782 1426 860 utriusque

301 894 486 958 Testamenti
507 894 570 954 sine
595 891 778 969 expositione
798 890 902 968 aliqua
923 891 1046 964 fierent,
1068 890 1251 951 adderentur
1272 891 1342 966 piae
1357 909 1428 969 pre·

224 1058 233 1068 .
303 1019 351 1062 ces
375 1004 407 1062 et
428 1001 596 1074 cantiones,
619 1000 745 1077 quisque
766 1018 820 1077 pro
841 999 1089 1075 interpretatione
1105 1000 1135 1075 1)
1168 998 1264 1059 Deum
1281 999 1429 1061 invocare

302 1111 528 1184 admoneretur,
563 1109 685 1186 justitia
719 1112 751 1168 et
785 1109 867 1169 vitae
894 1109 1036 1168 honestas
1066 1108 1172 1168 stricte
1201 1108 1366 1184 juberetur
1397 1111 1428 1167 61

229 1265 232 1274 .
273 1224 277 1231 “
303 1219 530 1289 observaretur,
553 1216 646 1277 donec
669 1217 815 1276 Dominus
834 1215 899 1293 ipse
920 1216 1163 1276 reformationem
1186 1217 1327 1277 ecclesius
1355 1233 1428 1278 suae

305 1326 477 1402 susciperet.
537 1323 566 1380 A
594 1324 651 1384 tali
681 1321 801 1400 publico
833 1324 974 1385 exercitio
1000 1341 1089 1383 nemo
1122 1327 1311 1386 averteretur
1332 1344 1428 1402 prop·

304 1438 352 1495 ter
383 1433 596 1494 conscientiam
611 1434 660 1510 2),
691 1432 869 1494 conduceret
894 1433 938 1490 ad
970 1432 1158 1493 concordiam
1190 1435 1221 1492 61
1241 1433 1342 1493 minus
1366 1433 1429 1492 Do·

305 1546 421 1604 minum
442 1543 672 1614 offenderemus,
710 1542 772 1601 sine
796 1543 882 1618 cujus
898 1542 986 1616 jussu
1006 1561 1043 1603 ne
1069 1560 1191 1602 coenum
1215 1541 1336 1619 quidem
1363 1543 1428 1618 ipse

305 1650 418 1713 Paulus
439 1651 587 1712 celebrare
610 1669 700 1710 ausus
722 1650 798 1725 1111,
822 1651 883 1711 imo
904 1649 981 1710 nihil
1002 1669 1125 1727 prorsus
1146 1669 1233 1728 agere
1257 1654 1313 1712 aut
1331 1652 1428 1730 loqui.

344 1763 390 1821 Ex
421 1780 537 1834 amere,
570 1759 774 1821 sollieitudine
805 1761 836 1818 et
864 1759 1073 1834 observantie,
1094 1779 1155 1836 qua
1174 1777 1246 1838 erga
1265 1760 1430 1821 veritatem

305 1871 456 1948 publicam
477 1869 609 1946 quietem
632 1871 663 1928 et
683 1868 865 1946 dignitatem
878 1869 964 1929 tuam
977 1867 1105 1943 afficior,
1125 1869 1198 1928 haec
1213 1868 1335 1946 scripsi,
1352 1887 1430 1946 quae

306 1982 343 2040 ut
362 1980 466 2047 eodem
487 1997 505 2037 1
525 1963 572 2039 me
593 1978 695 2038 animo
717 1977 846 2055 accipias
868 1993 1056 2057 summopere
1077 1995 1159 2056 rogo.

347 2091 428 2149 Bene
449 2087 531 2161 vale,
553 2085 601 2147 vir
623 2084 838 2145 amantissime.

348 2196 505 2270 Coloniae,
526 2195 592 2272 ipso
614 2195 661 2254 die
682 2195 839 2255 Paschatis
863 2193 950 2255 1581.
993 2195 1043 2271 (26
1064 2192 1189 2270 Martii).

590 2688 770 2748 ornatusimo
791 2677 1039 2767 occultissimaque
1056 2691 1114 2749 circ
1134 2692 1243 2750 domiso
1257 2708 1429 2752 1111111111

546 2787 696 2871 nonnus,
717 2802 741 2858 I.
769 2800 802 2858 U.
836 2802 955 2874 doctori,
990 2802 1135 2860 recciario
1166 2802 1255 2876 reciae
1295 2801 1430 2861 Gamerae

516 2989 518 2996 η
550 2901 1095 2986 0111111911,11111611611111111116.
1137 2911 1272 2969 Emtden.
1314 2913 1357 2970 Ira
1373 2914 1430 2972 seia

548 3022 672 3080 ctwesea
695 3035 787 3078 11116
808 3035 969 3078 11111611
989 3039 1024 3078 ac
1046 3020 1235 3078 seuerae-ren.

552 3129 671 3189 Nuneio
693 3129 770 3191 solvi
785 3130 825 3205 3).

1015 3307 1110 3381 Koln,
1133 3308 1169 3368 31
1191 3309 1273 3368 Mtrz
1295 3307 1387 3370 1531.

349 3514 494 3576 Salutem.
535 3512 629 3572 Binae
650 3513 721 3572 1116
742 3512 848 3573 literae
868 3513 997 3574 fideliter
1017 3514 1090 3574 mihi
1111 3516 1241 3576 traditas
1255 3519 1336 3577 sunt.
1378 3517 1428 3578 Ad

308 3643 357 3684 eas
387 3624 488 3684 ordine
519 3621 705 3698 respondebo
737 3641 792 3698 pro
814 3640 880 3682 meo
902 3641 984 3683 more
1006 3623 1166 3694 breviter„
1188 3623 1276 3688 Nova
1296 3645 1374 3704 quae
1394 3628 1427 3686 in

307 3733 457 3810 prioribus
477 3731 574 3790 literis
603 3729 813 3804 continentur,
831 3731 894 3813 jam
916 3734 1020 3792 vetera
1040 3731 1122 3793 faeta
1142 3737 1229 3810 sunt,
1250 3735 1299 3798 vel
1322 3735 1427 3811 potius

234 3885 243 3897 .
305 3841 468 3920 pristinum
488 3842 602 3900 statum
623 3845 807 3915 receperunt.
849 3838 988 3900 Sororius
1009 3860 1093 3902 meus
1111 3844 1177 3919 jam
1196 3847 1263 3904 tum
1276 3844 1424 3906 liberatus

307 3954 372 4011 erat
396 3970 450 4027 ope
472 3950 659 4025 quorundam
681 3951 892 4025 cognatorum,
925 3950 978 4026 qui
1001 3953 1128 4012 alteram
1151 3956 1269 4028 partem
1292 3972 1425 4032 sequun-

307 4062 373 4133 tur,
402 4059 508 4118 sclutis
533 4061 654 4118 tantum
685 4057 742 4116 loo
764 4059 884 4131 taleris,
907 4061 1116 4136 expensarum,
1139 4081 1213 4138 quas
1233 4061 1266 4122 in
1285 4063 1425 4123 custodia

305 4168 439 4241 fecisset,
470 4167 545 4226 loce.
597 4167 666 4227 Non
696 4170 788 4243 puto,
821 4168 901 4244 quod
929 4167 1207 4247 Rennenbergious,
1229 4172 1316 4247 cujus
1334 4172 1423 4247 jussu

304 4278 450 4336 liberatus
471 4275 545 4351 luit,
566 4277 815 4338 necessitudinem
835 4281 970 4338 nostram
985 4278 1122 4353 sciverit,
1145 4299 1199 4358 ego
1212 4281 1423 4341 liberationem

338 4442 364 4505 1)
398 4441 565 4506 Eigenhindip
580 4442 697 4505 kerrigirt
713 4457 756 4492 ena
772 4441 931 4494 invocatione.

340 4539 365 4602 2)
400 4539 473 4590 Dicse
489 4539 576 4590 beiden
592 4541 676 4592 Worte
694 4543 774 4605 spiter
791 4540 950 4606 eigenhtndig
967 4541 1130 4609 hinsugcfilgt.

340 4633 364 4696 3)
399 4633 572 4697 Eigenhindig.
1153 4658 1157 4664 -
