3028 5348
276 523 296 581 4
555 531 711 577 Discursus
732 531 772 575 su
792 532 849 574 alx
870 524 1111 575 concrememur.

278 719 298 759 a
311 717 371 776 repe
386 696 560 773 reprehendi,
581 714 636 754 noc
658 693 737 753 onim
758 692 901 753 contrarii
920 692 953 753 in
976 692 1032 752 bac
1053 712 1085 751 re
1108 692 1172 770 regi
1189 693 1328 766 fuerunt,
1343 695 1394 754 sed

280 807 361 885 leges
381 806 445 882 ejus
467 805 503 864 de
522 803 665 882 religione
690 804 768 863 latas
789 803 996 879 approbarunt
1018 804 1049 862 et
1062 803 1294 875 confirmarunt,
1313 805 1396 862 molto

280 916 369 975 miuus
383 923 502 992 poseant
517 913 627 990 pri‘aati
644 913 762 987 academ
783 912 903 970 oriminis
923 913 1065 983 accusari,
1088 912 1140 987 qui
1154 912 1216 972 Deo
1231 911 1293 972 suis
1307 910 1397 971 factis

280 1041 341 1086 non
351 1022 494 1085 rebellare
506 1021 702 1093 sedobedire,
716 1038 777 1079 non
791 1021 942 1097 despectui
956 1021 1065 1081 habere
1080 1021 1271 1096 Majestatem
1286 1020 1396 1096 ipsius,

281 1131 420 1194 sedeam
439 1133 536 1191 morte
557 1149 611 1191 sua
631 1130 793 1208 gloriosam
812 1131 935 1189 reddere
956 1131 1127 1191 voluerunt.

320 1241 451 1302 Eleontra
471 1241 550 1318 quod
569 1239 730 1300 necessitas
750 1239 840 1316 hujus
861 1239 1085 1301 deliberationis
1107 1259 1154 1299 me
1180 1239 1263 1318 cogit
1283 1239 1396 1314 dicere,

193 1335 195 1342 ¹
279 1361 367 1412 maluo
396 1369 430 1410 aa
461 1360 486 1409 et
516 1369 566 1408 ren
595 1359 620 1408 ct
644 1349 753 1408 ordines
776 1351 928 1426 singulique
947 1351 1126 1425 mopistrctaa
1156 1351 1278 1426 praviter
1301 1359 1398 1408 contra

279 1463 453 1534 Majestutcm
473 1460 594 1518 diuinum
615 1459 790 1536 deliquerint,
813 1460 888 1535 quod
906 1469 945 1517 tot
964 1461 1049 1517 millio
1070 1461 1206 1518 lomu'nam
1215 1469 1333 1536 propter
1350 1477 1395 1516 re·

204 1631 206 1635 .
278 1570 401 1646 lipianum
421 1569 596 1626 irretimini.
637 1565 724 1624 Hanc
752 1584 816 1624 rem
836 1582 898 1624 non
918 1565 1005 1643 longe
1020 1585 1194 1642 persequar,
1211 1568 1262 1626 sed
1276 1569 1397 1628 tantum

278 1693 390 1754 paucas
421 1675 637 1753 propositiones
669 1673 834 1750 exquibus
857 1674 888 1733 id
909 1675 1039 1752 intelligi
1060 1676 1174 1751 poterit
1197 1675 1349 1737 adferam:
1371 1677 1397 1738 si

279 1786 316 1845 de
349 1783 386 1844 iis
407 1781 557 1844 dubitatio
581 1789 684 1861 postca
703 1781 834 1855 incidat,
860 1785 986 1859 paratus
1007 1802 1074 1842 sum
1094 1784 1189 1844 firmis
1212 1785 1397 1864 argumentis

277 1892 345 1954 illas
369 1893 571 1970 comprobare.
741 1891 743 1897 ’

318 2001 420 2061 Prima
440 2004 502 2075 est,
523 2002 603 2079 quod
623 2003 743 2078 praeter
763 2001 970 2076 contemptum
993 2000 1113 2061 oblatae
1133 2000 1209 2062 lueis
1230 2004 1261 2062 et
1281 2003 1396 2080 gratiae
1430 1987 1433 1992 ¹

271 2113 359 2188 jussa
379 2130 434 2172 sua
453 2114 560 2173 contra
576 2111 661 2188 jussa
680 2109 737 2169 Dei
758 2127 777 2168 a
797 2109 926 2169 subditis
947 2109 1009 2170 suis
1030 2109 1144 2171 servari
1164 2111 1325 2172 voluerint.

316 2219 453 2282 Secunda
473 2222 534 2296 est,
556 2220 635 2296 quod
655 2218 854 2297 magistratus
875 2221 982 2279 contra
1003 2218 1133 2278 officium
1157 2237 1245 2279 suum
1265 2239 1326 2281 non
1346 2239 1394 2281 so·

275 2332 339 2390 lum
369 2330 455 2391 bonis
488 2334 520 2392 et
540 2329 729 2407 corporibus,
757 2326 807 2386 sed
828 2330 859 2386 et
881 2326 1038 2387 animabus
1059 2331 1090 2388 et
1110 2329 1301 2390 conscientiis
1315 2329 1397 2390 sub·

274 2437 407 2498 ditorum
427 2437 650 2516 imperaverint.
1027 2417 1029 2422 ¹

313 2547 417 2612 Tertia
450 2547 530 2624 quod
560 2544 697 2606 similiter
728 2547 835 2604 contra
866 2545 996 2604 officium
1026 2565 1113 2606 suum
1142 2550 1172 2607 et
1194 2548 1232 2606 ad
1251 2547 1395 2623 injuriam

273 2657 399 2732 christi,
420 2657 469 2716 oui
489 2655 637 2716 soli'haec
657 2655 791 2729 potestas
812 2671 831 2712 a
852 2653 914 2713 Deo
935 2657 1021 2731 patre
1045 2656 1118 2716 (lata
1141 2659 1203 2732 est,
1219 2657 1300 2718 iniis
1315 2678 1391 2736 quae

272 2768 342 2828 fidei
362 2767 434 2826 sunt
454 2767 485 2826 et
506 2781 598 2840 supra
617 2765 758 2822 naturam
779 2763 942 2823 humanam
962 2765 1078 2841 posita,
1100 2766 1202 2843 jubere
1230 2787 1264 2828 ac
1286 2772 1390 2829 vetare

270 2874 469 2937 instituerint.

312 2985 440 3057 Quarta,
472 2981 552 3059 quod
582 2980 715 3059 gladium
744 2981 800 3040 Dei
821 2981 873 3057 qui
894 2981 1058 3059 spiritualis
1079 2987 1142 3058 est,
1164 2984 1197 3044 in
1217 3003 1305 3046 suum
1326 3004 1391 3046 cor·

271 3095 404 3172 poralem
435 3091 568 3170 gladium
589 3091 804 3178 perverterint,
827 3092 989 3168 eodemque
1010 3094 1110 3171 gladio
1132 3096 1238 3154 contra
1259 3095 1389 3154 officium

272 3221 360 3263 suum
390 3218 517 3288 regnum
545 3197 658 3259 Christi
686 3199 854 3261 invaserint
876 3203 907 3260 et
928 3201 1005 3260 filios
1026 3202 1118 3278 hujus
1139 3204 1239 3280 regni,
1261 3203 1313 3280 qui
1334 3204 1390 3263 filii

271 3311 327 3370 Dei
354 3313 385 3370 et
404 3310 479 3368 lucis
510 3309 595 3382 sunt,
629 3307 720 3383 impie
748 3311 779 3368 et
799 3309 911 3386 injuste
937 3309 1167 3371 trucidaverint.
1209 3311 1306 3372 Nota.
1327 3315 1390 3374 Hoc

175 3397 180 3404 ι
267 3423 375 3495 [actum
390 3419 545 3496 proceriore
565 3428 723 3476 nostrorum
744 3421 930 3477 culuuu'totam
951 3438 1037 3476 cuasa
1058 3430 1107 3478 est.

311 3525 370 3589 Sed
400 3545 491 3605 pergo
522 3526 658 3586 ulterius.
710 3527 872 3603 Hucusque
893 3545 997 3587 rursus
1019 3528 1085 3588 dico
1107 3532 1255 3604 quantum
1275 3530 1388 3593 crimen

269 3639 367 3698 laesae
397 3636 567 3712 Majestatis
588 3636 736 3696 humanae
758 3636 883 3708 attinet,
907 3634 1033 3696 Ordines
1053 3638 1085 3696 in
1107 3657 1266 3700 commune
1288 3644 1387 3718 quoad

270 3765 370 3825 regem
391 3745 429 3806 ab
449 3764 484 3806 eo
505 3745 630 3806 crimine
650 3763 772 3822 prorsus
793 3744 902 3805 liberos
926 3744 1026 3805 fnisse.
1067 3745 1147 3806 Nam
1168 3749 1207 3806 ad
1227 3749 1387 3811 arbitrium

269 3855 437 3933 Majestatis
456 3855 550 3933 ipsius
571 3855 672 3915 omnia
685 3854 891 3913 administrari
904 3854 1119 3930 permiserunt,
1142 3858 1193 3916 sed
1207 3877 1261 3918 noc
1275 3860 1385 3935 privat'

268 3966 365 4028 cidem
385 3966 503 4027 crimini
524 3965 644 4026 obnoxii
666 3964 807 4038 fuerunt,
839 3963 891 4039 qui
911 3983 944 4024 se
964 3965 1116 4025 voluntati
1135 3966 1213 4044 regis
1233 3968 1388 4028 humiliter

267 4097 361 4154 nsque
382 4076 421 4137 ad
441 4080 569 4137 mortem
589 4078 620 4135 et
636 4073 828 4134 amissionem
851 4072 999 4133 bonorum
1024 4093 1147 4135 suornm
1172 4077 1385 4142 submiserunt.

187 4227 189 4231 ,
267 4185 380 4245 Deinde
400 4184 464 4264 regi
485 4202 546 4243 non
567 4183 672 4243 contra
693 4181 790 4240 Deum
811 4181 1011 4242 obedientiam
1032 4187 1184 4260 praestare
1199 4187 1385 4263 addixerant,

188 4326 190 4329 ·
266 4297 331 4358 sola
350 4293 407 4354 Dei
429 4310 521 4353 causa
541 4291 664 4366 excepta
686 4289 720 4348 in
739 4288 792 4363 iis,
825 4309 901 4366 quae
922 4291 993 4370 fregi
1014 4291 1175 4369 debentur,
1196 4298 1385 4372 praestandis

265 4402 480 4484 promptissimi
500 4403 530 4460 et
550 4399 742 4477 paratissimi.
1235 4464 1237 4471 ,

305 4514 438 4574 Econtra
458 4509 562 4588 negari
581 4527 642 4570 non
666 4510 781 4586 potest,
804 4505 930 4569 Ordines
951 4509 1086 4587 graviter
1110 4511 1253 4572 adversus
1273 4514 1384 4592 Majaa·

262 4625 358 4686 tatem
388 4620 492 4700 populi
522 4619 696 4696 deliquisse,
726 4620 806 4697 quod
825 4619 907 4697 passi
926 4619 987 4680 sint
1012 4621 1111 4699 regios
1134 4623 1328 4701 magistratus
1350 4613 1383 4685 in
