3028 5348
516 553 675 596 11711111Εῆ70
706 553 837 595 ΔΟΚΕΜΑ.

456 760 480 774 ..
495 761 500 773 .
515 731 685 774 ‚unnnnuro
708 730 842 773 rorans.
856 758 862 772 .
875 758 882 771 .
896 758 902 771 .

588 825 649 901 (wat
669 844 713 883 uo.
735 824 776 900 2).

740 979 742 984 s
856 931 950 1005 Kliln,
973 932 990 992 7
1013 932 1082 992 Dec.
1105 933 1192 993 1579.

154 1125 303 1186 Salutem.
354 1125 503 1186 Hesterno
538 1126 602 1200 die,
635 1126 683 1186 vir
703 1125 922 1200 amantissime,
943 1128 1062 1188 nostros
1087 1126 1123 1187 dc
1144 1127 1235 1189 variis

110 1237 206 1296 rebus
229 1237 389 1308 admonui,
422 1255 498 1316 quas
517 1237 622 1297 literas
644 1236 729 1297 vobis
756 1256 873 1314 quoque
895 1237 1110 1297 communicari
1130 1239 1235 1313 postu·

110 1347 197 1420 lari,
219 1348 251 1406 et
271 1347 434 1423 antequam
455 1345 511 1406 hae
532 1346 569 1406 ad
591 1366 698 1407 manns
718 1349 787 1407 tuas
807 1347 964 1419 venerint,
986 1365 1072 1423 spero
1093 1348 1123 1407 te
1138 1367 1236 1407 exem·

111 1456 201 1532 plum
225 1474 329 1514 earum
350 1455 535 1516 habiturum.
578 1454 654 1515 (lum
675 1459 707 1516 et
729 1457 777 1516 hic
798 1457 899 1516 omnia
919 1457 958 1516 ad
978 1457 1235 1532 perturbationem

110 1566 240 1626 tendere
264 1565 442 1641 videantur,
464 1570 530 1627 tum
551 1569 675 1644 propter
695 1567 840 1643 majorem
862 1567 1114 1643 tranquillitatem
1128 1587 1236 1644 meam,

111 1676 324 1754 Duisburgum
359 1676 439 1735 cirea
472 1679 617 1737 aestatem
637 1697 685 1736 me
710 1676 843 1737 conferre
864 1677 979 1754 eogito;
998 1677 1103 1755 scripsi
1124 1677 1162 1736 ad
1184 1677 1236 1737 do·

110 1785 233 1845 minum
255 1803 273 1844 a
293 1785 457 1859 Niennort,
480 1805 569 1846 orans
591 1790 626 1846 ut
645 1785 721 1846 milri
742 1805 811 1846 suas
833 1786 876 1845 ibi
897 1787 984 1846 aedes
995 1787 1081 1862 justa
1094 1787 1236 1862 pensione

110 1895 277 1954 concedere
297 1895 381 1955 velit.
423 1895 487 1954 Has
507 1894 612 1954 literas
634 1913 722 1972 rogo,
745 1897 780 1954 nt
802 1894 840 1953 ad
861 1914 929 1953 eum
949 1913 1106 1971 procures,
1129 1898 1160 1955 et
1173 1915 1236 1955 res·

109 2023 245 2081 pensum
276 2004 313 2064 ad
344 2007 375 2064 to
408 2004 575 2065 transmitti
603 2005 745 2080 postules.
789 2003 825 2063 ln
845 2004 892 2064 his
913 2003 1010 2063 literis
1030 2004 1107 2063 nihil
1129 2004 1235 2064 secreti

110 2113 247 2174 scribere
267 2114 378 2189 audeo,
402 2116 560 2191 propterea
580 2114 660 2190 quod
688 2114 800 2174 itinera
831 2113 910 2174 cirea
933 2114 988 2174 illa
1005 2114 1072 2173 loca
1092 2132 1152 2173 non
1166 2117 1236 2174 tata

111 2225 197 2297 sint,
230 2223 281 2282 sed
312 2225 412 2284 hostes
443 2226 560 2284 vestros
587 2224 722 2299 quotidie
743 2226 907 2299 expectate.
949 2224 1074 2284 Proreus
1095 2242 1149 2286 vos
1173 2224 1236 2284 eine

113 2333 268 2410 praesidio
291 2333 323 2391 in
344 2333 466 2394 civitate
492 2353 555 2394 csse
577 2352 617 2393 an
641 2332 812 2394 consultum
834 2334 890 2407 eit,
911 2333 996 2393 vobis
1018 2333 1182 2394 committo.
1204 2333 1237 2392 Si

112 2446 222 2502 tamem
243 2442 364 2520 aliquod
384 2442 605 2503 admittendum
627 2444 688 2517 est,
709 2445 845 2518 praestat
866 2443 991 2502 militem
1011 2443 1104 2503 istum
1119 2433 1137 2503 1
1151 2443 1236 2502 vobis

111 2551 261 2626 conduci,
284 2571 339 2612 nco
359 2552 415 2612 ulli
435 2553 503 2625 alii,
526 2572 617 2628 quam
639 2552 757 2612 civitati
776 2555 895 2613 vestrae
912 2553 1087 2628 juramento
1109 2552 1236 2613 obstrie-

111 2664 184 2722 tum
215 2678 294 2720 esso:
327 2661 371 2720 ita
404 2680 519 2737 semper
545 2661 582 2720 ab
604 2679 638 2720 eo
663 2661 784 2720 liberari
804 2660 951 2737 poteritis.
994 2659 1052 2720 Sed
1073 2660 1145 2721 haec
1166 2681 1237 2738 pru·

111 2771 239 2832 dentiae
263 2773 380 2831 vestrae
401 2772 566 2832 committo.

155 2881 241 2940 Bene
260 2881 328 2941 1111
349 2888 376 2940 et
399 2881 537 2941 omnibus
560 2881 664 2941 amicis
686 2882 824 2967 salutem.

158 2987 318 3065 Coloniae,
340 3007 387 3048 111
409 2990 596 3065 Decembris,
617 3010 696 3052 anno
718 2990 764 3051 79.

157 3074 226 3159 Hoc
255 3100 316 3159 fere
337 3099 513 3174 omiseram,
544 3099 650 3160 literae
675 3103 745 3161 tuae
766 3099 854 3160 valde
874 3117 922 3159 me
940 3101 1130 3171 recrearunt,
1153 3101 1233 3175 qnod

111 3213 184 3270 tam
214 3208 292 3268 bono
324 3211 408 3269 statu
440 3209 546 3270 civitas
570 3212 672 3269 vestra
703 3208 869 3269 constituta
896 3208 945 3268 sit.
996 3207 1041 3267 De
1062 3207 1123 3268 tuis
1145 3209 1236 3270 etiam

111 3317 209 3378 rebus
230 3338 297 3380 enm
317 3319 473 3395 voluptate
494 3319 645 3391 intellexi,
668 3338 742 3395 quas
764 3318 836 3379 data
856 3318 911 3377 illa
932 3317 1103 3390 occasione,
1125 3318 1162 3377 ds
1176 3337 1236 3394 qua

112 3428 242 3502 scribis,
263 3444 436 3506 promovere
459 3430 542 3490 uullo
566 3429 656 3488 modo
677 3428 820 3490 desinam.
869 3427 1031 3488 Dominum
1055 3428 1128 3514 time
1156 3429 1236 3504 ejus·

112 3557 178 3615 que
200 3557 320 3599 causam
340 3541 486 3615 quantum
508 3539 541 3598 in
562 3543 592 3600 to
615 3541 680 3616 eet,
702 3559 854 3616 promove.
895 3539 1012 3600 Iterum
1033 3540 1111 3601 vale.

757 3651 840 3710 Tuus
861 3670 897 3710 ex
917 3650 1016 3710 animo
1210 3627 1214 3638 ⁸

620 3790 624 3797 ·
672 3760 859 3823 neocaes
880 3779 920 3820 nn
940 3758 1116 3819 AhBADA.

581 3946 783 3958 μ-Π-ᾕ--αιι

429 4069 475 4130 11.
518 4069 568 4129 Ad
587 4071 732 4146 deputatos
752 4067 863 4128 masiae
884 4067 925 4146 1).
1037 4052 1040 4058 ’

636 4233 655 4244 ,,
721 4220 723 4226 ·
787 4177 1085 4256 1111411911.
1107 4178 1196 4239 1579.

161 4338 283 4404 Domini
303 4347 335 4405 ct
355 4347 452 4407 amici.
466 4347 468 4350 ’
494 4348 621 4425 Propter
631 4369 720 4427 nova,
733 4326 881 4432 quaejam
896 4353 969 4432 ante
981 4369 999 4410 a
1012 4369 1059 4410 me
1071 4352 1102 4410 ct
1115 4347 1153 4408 ab
1167 4344 1235 4407 aliis

156 4506 181 4570 l)
214 4508 301 4560 Dieser
319 4511 389 4562 Briel
401 4512 462 4577 liegt
478 4514 504 4563 ln
520 4516 578 4565 awci
595 4517 749 4567 Absehrilten
768 4533 825 4568 vor:
843 4535 867 4570 a.
884 4517 931 4568 mit
950 4515 1140 4582 cig'enhindigen
1152 4516 1236 4566 711111-

115 4617 166 4652 aen
185 4601 310 4665 Albada’e,
326 4606 373 4655 mit
390 4609 471 4667 „etc”
488 4609 649 4673 schlieseend,
666 4611 716 4662 und
727 4610 782 4662 dem
793 4613 884 4663 Datum
896 4613 929 4662 14
941 4610 1054 4665 Deoimb.
1066 4628 1113 4663 von
1124 4611 1236 4664 Albada's

118 4697 207 4758 Hand,
225 4700 246 4752 b.
263 4715 310 4752 von
327 4699 460 4760 Isbrandi's
480 4704 560 4758 Hand.
986 4707 992 4722 ⁸
