3028 5348
520 535 676 580 REHBERTO
696 536 826 582 ACKEHA.

109 711 163 758 nus
178 694 243 769 ibi,
264 715 355 772 qnam
383 697 451 770 hic,
468 663 607 774 equitatu
629 716 704 774 opus
725 697 871 770 habeant3
899 699 931 758 et
950 698 1010 760 nisi
1030 699 1062 762 vi
1085 717 1223 776 perrum-

110 824 176 881 pere
195 808 343 884 poterunt
365 807 530 887 Bergenses
553 811 585 868 ct
604 807 776 869 Markenses
796 808 960 870 transitum
979 809 1039 870 illis
1053 809 1221 872 concessuri

111 932 168 974 non
198 917 281 976 eunt.
332 915 400 975 Nisi
412 916 489 991 fallit
509 935 550 975 mc
564 891 745 994 prmaeium
766 918 855 976 animi
870 918 936 990 mei,
959 937 1061 994 meque
1081 920 1226 978 calemr'tac

110 1023 226 1083 immitet
255 1024 362 1086 dmtcti
388 1034 510 1101 cestrae,
542 1025 569 1086 si
590 1026 629 1085 ad
652 1025 840 1087 tolerabilem
860 1027 1112 1103 transactionem,
1134 1047 1224 1105 qnam

112 1134 173 1194 toto'
198 1134 300 1195 anime
324 1153 390 1196 meo
412 1135 546 1198 desidere
567 1135 723 1197 attendere
743 1137 832 1210 nolit3
858 1155 913 1198 vos
933 1136 966 1197 in
985 1154 1103 1198 omnem
1123 1157 1225 1199 cesum

112 1245 232 1318 paratos
253 1263 315 1305 esse
335 1263 441 1323 spero,
458 1245 518 1305 nisi
538 1245 620 1307 Deus
639 1245 818 1306 mirabiliter
835 1245 1021 1324 impedierit,
1041 1264 1103 1308 non
1127 1247 1225 1324 quies·

114 1357 180 1414 cent
209 1357 314 1416 tantas
343 1356 466 1416 tandem
497 1355 597 1433 copias
623 1373 796 1432 comparare
816 1355 927 1433 quibus
950 1356 1103 1434 putabunt
1122 1376 1154 1418 se
1176 1376 1225 1419 su·

113 1463 240 1540 periotes
271 1483 427 1526 evasuros
474 1463 557 1525 Bene
586 1464 654 1525 vale
678 1463 726 1527 vir
757 1465 961 1527 amantissime
989 1486 1057 1527 cnm
1082 1485 1174 1529 uxore
1194 1471 1226 1528 et

111 1571 209 1634 liberis
230 1569 301 1634 t'uis.
342 1573 471 1634 Domino
492 1571 620 1634 Uffkcns
643 1576 674 1635 ct
695 1573 721 1634 si
742 1575 795 1653 qui
818 1573 871 1636 alii
891 1575 1030 1652 deputati
1050 1576 1083 1637 in
1104 1596 1138 1638 co
1158 1577 1224 1638 loco

112 1683 282 1762 congregati
304 1685 393 1757 sunt,
413 1682 565 1757 omnibus,
587 1683 725 1760 inquam,
747 1683 784 1743 iis
805 1701 922 1745 omnem
942 1705 962 1747 a
982 1706 1030 1745 me
1051 1687 1225 1748 salutemet

111 1790 316 1852 reverentiam.
356 1789 479 1868 Raptim
503 1788 664 1867 Coloniae,
685 1790 704 1850 6
723 1791 797 1853 Maii
822 1792 911 1854 1580.

802 1901 885 1962 Tuus
906 1919 941 1963 cx
962 1902 1063 1964 animo

937 2005 1143 2088 qucm¹ncsti

146 2201 325 2310 aquodam
353 2232 448 2293 nobili
478 2233 515 2293 de
544 2231 665 2294 Merode
688 2232 810 2294 domine
831 2232 1039 2314 Slcssenbcrg‚
1054 2235 1123 2316 ·qui
1144 2236 1224 2298 circa

111 2339 210 2403 Daren
230 2342 366 2416 habitat,
397 2344 467 2419 post
485 2341 540 2402 has
556 2341 683 2418 scriptas
703 2343 759 2403 hoc
783 2362 870 2404 mane
891 2343 1043 2420 intellexi,
1066 2343 1123 2406 sibi
1144 2348 1223 2407 tam·

111 2470 196 2528 quam
225 2451 432 2530 Amptmanno
469 2451 646 2511 mandatnm
677 2470 757 2526 esse,
788 2455 825 2514 nt
844 2453 1010 2515 transitum
1031 2454 1092 2516 illis
1113 2474 1167 2532 per
1188 2475 1224 2516 ea

110 2560 172 2622 loca
191 2561 353 2637 concedat,
383 2564 415 2622 et
434 2562 525 2639 putat
545 2562 725 2638 trajecturcs
748 2579 797 2623 sos
819 2561 899 2624 circa
919 2563 1017 2625 Beeck
1039 2565 1088 2628 vel
1110 2565 1222 2627 Buren.

110 2668 185 2749 Ergo
205 2670 243 2730 ad
265 2670 393 2732 istorum
413 2671 566 2752 regionem
586 2671 708 2735 venturi
728 2690 789 2735 non
811 2673 954 2736 videntur
970 2675 1011 2754 1).

109 3303 154 3365 34.
384 3308 456 3368 Dem
476 3307 639 3370 Eremmon
658 3309 719 3369 aad
736 3307 920 3386 tectqclcrtcn
943 3307 1026 3368 term
1048 3323 1219 3368 narnsnacn

342 3433 477 3494 aenens,
510 3420 560 3478 der
590 3421 710 3480 Recttea
739 3419 859 3491 doctori,
891 3419 953 3478 aad
973 3419 1024 3478 der
1051 3419 1222 3479 Umclcndca

343 3529 487 3603 ceretani,
509 3529 621 3590 meiana
642 3529 726 3590 letters
739 3530 870 3608 fremat.
1004 3529 1139 3592 Wsneam.

722 3684 724 3688 Ι
842 3735 936 3812 Rem,
957 3736 976 3797 3
996 3735 1071 3797 Juni
1093 3735 1181 3798 1580.

143 3937 225 4002 Hace
239 3941 271 4020 2)
291 3941 371 4018 jussi
389 3941 410 4002 J
411 3943 521 4004 channi
534 3943 565 4022 3)
586 3961 652 4006 mco
676 3943 733 4006 tibi
747 3943 892 4020 scribere,
907 3962 975 4005 cnm
988 3943 1051 4022 ipse
1068 3943 1218 4006 scribendi

108 4045 198 4109 ctiam
221 4067 284 4112 non
306 4051 455 4114 haberem.
621 4041 629 4056 ¹

142 4155 223 4220 Mein
252 4159 452 4224 frenntlichsn
482 4181 570 4242 gruss
600 4163 663 4226 und
689 4181 751 4226 was
774 4163 823 4224 ich
844 4163 877 4226 in
898 4164 951 4224 ‹ler
972 4163 1091 4244 gneden
1114 4179 1220 4226 nnscrs

107 4261 191 4330 herm
221 4269 317 4333 ihesu
346 4271 458 4335 Christi
484 4273 559 4334 liebs
578 4274 642 4336 und
665 4278 737 4354 guts
763 4293 901 4354 nemag,
924 4294 1027 4340 naver.
1068 4272 1220 4336 (icliebter

107 4407 306 4430 ξ...-

137 4491 161 4557 1)
194 4493 329 4547 Rendnctiz
345 4494 447 4577 mdem
463 4498 547 4550 Worte
566 4499 743 4565 „Bergcnsea”
1099 4579 1102 4584 .

136 4586 160 4652 2)
193 4590 240 4642 Die
249 4590 410 4643 lateinischen
420 4593 505 4645 Wortc
516 4593 565 4643 nni
576 4594 614 4645 die
626 4593 840 4658 Untcrzcichnung
851 4593 905 4645 sind
917 4609 963 4648 ven
975 4593 1091 4646 Albadn's
1102 4593 1182 4646 Hand.

137 4682 160 4749 3)
193 4685 316 4740 Iohannes
336 4689 365 4741 ab
384 4689 488 4745 Heiden.
