3020 5360
548 542 706 585 annanaro
725 541 856 586 rorans.
1204 527 1264 588 129

143 707 285 765 cionator
311 705 426 764 Pilsum
452 707 535 764 errat
557 702 589 762 in
611 723 663 777 eo,
684 704 764 779 quod
788 703 1023 763 Ooornhartium
1047 705 1266 770 defendendum

144 815 338 892 susceperim.
390 815 470 873 Nam
501 815 564 890 ojus
596 831 710 873 errores
733 813 782 874 vel
802 813 904 890 potius
926 831 1042 874 errores
1062 813 1156 874 libelli
1177 814 1266 876 istius
1341 849 1342 854 κ

145 942 229 984 »van
249 923 302 982 der
322 921 467 982 uterlicko
486 921 619 982 Kercke'’
634 939 695 980 non
709 921 808 980 minus
822 921 925 997 aperui
943 926 974 980 et
988 923 1161 998 confutavi,
1175 943 1266 1001 quam

145 1051 263 1091 errores
283 1031 408 1091 Danaei.
461 1031 540 1100 Quas
572 1030 676 1091 literas
708 1030 865 1107 adipsum
887 1031 1266 1110 Ooornhartiumscriptas

146 1141 235 1199 doleo
274 1160 334 1200 non
361 1158 448 1216 posse
478 1159 526 1198 me
548 1155 629 1198 nuno
650 1138 708 1197 tibi
730 1138 959 1198 communicare.
1001 1139 1085 1215 Scio,
1106 1142 1182 1218 quod
1206 1160 1267 1202 non

145 1249 248 1307 minus
279 1247 337 1305 tibi
368 1247 535 1324 placerent,
567 1245 801 1321 quampriores
844 1245 1060 1308 Ooornhartius
1082 1249 1174 1310 etiam
1195 1270 1265 1312 suos

146 1375 265 1416 errores
286 1355 410 1414 elsatia
431 1373 538 1432 graves
560 1353 665 1428 habet,
688 1355 767 1429 quod
788 1354 820 1412 in
843 1357 923 1414 omni
936 1357 1056 1416 homino
1069 1358 1134 1418 fieri
1148 1378 1266 1420 necesse

147 1469 212 1540 ost,
243 1465 295 1541 qui
327 1462 481 1523 Christum
508 1463 711 1539 Sanctamque
734 1463 881 1540 Spiritum
903 1484 964 1524 non
985 1467 1091 1540 novit,
1114 1468 1192 1528 siout
1212 1468 1263 1528 ille

146 1573 241 1634 etiam
271 1573 403 1632 nondum
435 1571 537 1644 novit,
570 1572 621 1630 sed
652 1589 713 1630 non
744 1574 791 1630 est
811 1572 858 1632 vir
879 1573 975 1632 molus
996 1577 1028 1633 et
1048 1575 1144 1635 multo
1165 1576 1265 1636 minus

147 1685 298 1762 proditor,
330 1683 388 1742 nisi
417 1701 471 1758 pcr
501 1681 682 1741 calumniam
714 1681 752 1740 ab
783 1682 963 1742 advorsariis
985 1683 1046 1743 suis
1067 1684 1264 1761 opprimatur.

148 1792 215 1863 Quo
246 1793 314 1869 plus
345 1795 445 1851 taceas
478 1808 512 1849 eo
544 1789 649 1848 melius
684 1791 745 1862 est,
766 1789 824 1847 nisi
849 1791 1090 1867 adloquendum
1112 1794 1225 1853 sentias
1247 1814 1266 1854 a
1290 1867 1294 1876 Ι

146 1901 264 1978 Spiritu
285 1901 394 1961 Sancto
416 1905 446 1960 te
466 1900 596 1977 impelli,
618 1899 730 1958 veritas
752 1903 857 1960 nostra
876 1919 1026 1976 nusquam
1047 1902 1143 1962 adhuc
1164 1904 1263 1964 locum

145 2009 276 2085 reperit,
310 2010 502 2087 singulariter·
533 2027 604 2068 vcro
636 2007 712 2066 nulli
743 2009 824 2084 parti
856 2010 968 2086 magis,
997 2030 1088 2087 quam
1108 2011 1154 2069 illi
1174 2031 1265 2088 quam
1335 2080 1340 2093 ἱ

145 2117 246 2193 nosti,
269 2117 336 2176 odio
357 2120 413 2176 est.
463 2117 501 2176 In
522 2135 614 2176 causa
635 2137 702 2178 mea
723 2118 901 2195 expectabo,
923 2118 996 2205 quid
1018 2118 1092 2177 mihi
1112 2119 1202 2179 vidua
1225 2120 1262 2180 ab

146 2225 280 2286 Eussum
310 2244 490 2302 responsura
523 2227 563 2285 sit
584 2226 622 2285 ad
642 2245 723 2285 meas
745 2227 858 2286 literas.
900 2226 1020 2285 Interea
1038 2244 1091 2286 vos
1113 2232 1262 2304 quantum

146 2335 288 2412 poteritis
320 2353 494 2411 promovere
515 2353 582 2394 cam
603 2354 663 2394 non
684 2335 844 2394 desistetis.
885 2333 985 2412 Nova,
1007 2335 1178 2413 quaemihi
1203 2337 1263 2415 sig·

144 2445 267 2517 nificas,
300 2443 452 2504 contraria
482 2444 530 2504 hic
562 2444 729 2522 accepimus
761 2446 791 2527 et
812 2463 882 2503 sanc
903 2443 1049 2516 arbitror,
1072 2443 1173 2504 Gallos
1194 2445 1262 2520 plus

144 2555 181 2613 in
210 2554 271 2612 illis
302 2553 391 2613 locis·
407 2554 531 2613 daturos
553 2573 688 2632 operam,
709 2556 745 2613 ut
766 2573 797 2613 so
818 2553 854 2612 dc
874 2552 1149 2628 Antvcrpiensibus
1164 2552 1263 2614 vindi·

146 2666 231 2736 cent,
254 2681 344 2741 quam
365 2665 401 2721 ut
423 2681 473 2722 eos
494 2681 512 2720 a
536 2663 643 2722 vicinis
663 2662 800 2721 hostibus
821 2661 959 2721 liberent.
1001 2660 1180 2720 Misereatur
1193 2663 1273 2721 tan-'

145 2771 215 2830 dem
237 2772 318 2830 Deus
337 2772 450 2845 nostri,
471 2772 519 2831 cni
540 2772 596 2832 soli
617 2772 714 2831 relicti
728 2791 840 2830 sumus.
861 2771 968 2830 Amen.
1002 2766 1049 2829 ⁴In
1062 2772 1127 2846 ejus
1142 2788 1261 2849 quoque

143 2879 246 2958 gratia
276 2881 344 2941 vive
376 2884 407 2940 ct
439 2882 504 2941 valo
536 2900 604 2940 cum
625 2881 763 2940 omnibus
784 2881 855 2940 tuis.
897 2881 944 2938 Da
965 2898 1104 2955 operam,
1126 2882 1161 2939 ut
1182 2879 1261 2940 filius

144 2993 218 3049 tuus
248 2990 445 3050 fundamenta
475 3009 529 3048 sua
557 2989 1016 3066 benecddiscat,posteacu1n
1038 2988 1099 3048 filio
1120 3007 1186 3048 meo
1208 2987 1260 3047 ad·

140 3099 304 3174 juncturus
336 3118 417 3172 sum,
448 3102 483 3181 nt
511 3099 590 3174 apud
611 3117 681 3157 eum
701 3099 853 3158 adolescat
873 3101 905 3168 et
925 3098 957 3156 in
978 3096 1085 3157 studiis
1108 3096 1171 3156 suis
1191 3107 1261 3172 p'ro·

142 3208 310 3286 gradiatur.
351 3207 396 3267 Dc
415 3207 588 3266 Theoderici
604 3209 634 3285 1)
657 3206 805 3268 Ooenders
827 3208 888 3267 filio
910 3225 1084 3283 responsum
1107 3208 1193 3264 tuum
1214 3225 1263 3263 ox·

142 3320 242 3393 pecto.

187 3426 305 3503 Spirae,
328 3426 364 3484 13
386 3426 459 3486 Maii
480 3425 568 3485 1583.

919 3523 1001 3582 Tuus
1022 3541 1057 3581 ex
1078 3522 1180 3581 animo

1003 3629 1040 3692 A.
1062 3629 1100 3688 A.

602 3912 805 3926 ——ffl

142 4134 193 4194 77.
287 4133 337 4190 Ad
355 4149 493 4191 chronon
515 4146 727 4203 charncorum,
749 4130 886 4188 consulem
909 4127 1130 4188 (landavensem.

867 4303 983 4381 Speier‚
1006 4304 1022 4361 1
1045 4302 1107 4362 Mai
1130 4304 1217 4366 1583.

185 4487 331 4546 Salutem.
382 4486 500 4547 Nobilis
531 4484 786 4562 praestantissime
822 4482 949 4542 domine.
991 4481 1071 4552 Quas
1095 4479 1199 4542 literas
1223 4485 1261 4544 ad

141 4603 349 4622 m

727 4621 740 4632 .,

179 4653 205 4716 l)
240 4653 302 4702 Deos
318 4651 371 4702 hier
390 4651 430 4702 cin
449 4651 558 4702 Irrthum
575 4650 680 4714 vorliegt
697 4648 790 4714 crgicbt
808 4648 846 4698 dic
864 4647 1026 4710 Anmerkung
1044 4646 1056 4695 1
1076 4644 1140 4696 Scite
1160 4643 1216 4700 126.
