3028 5348
697 531 832 574 nodatus
852 529 981 572 annam.

572 697 576 704 '
665 693 715 753 Ad
733 693 879 770 deputatos
899 690 1019 750 Μῶα

1003 923 1098 998 Korn,
1122 924 1137 983 l
1160 921 1247 984 Febr.
1270 923 1357 983 1580.

323 1165 469 1232 Sauum.
511 1164 633 1225 Domini
655 1165 686 1224 et
707 1162 805 1222 amici.
845 1161 954 1222 Verius
968 1160 1083 1238 aliquid
1097 1161 1134 1221 de
1147 1159 1243 1220 milite
1256 1160 1333 1236 isto,
1348 1161 1396 1237 qui

284 1278 427 1340 adversus
457 1293 513 1334 nos
545 1272 731 1349 conscriptus
762 1271 837 1344 fuit,
869 1288 960 1346 quam
990 1288 1087 1346 nuper
1106 1268 1163 1330 feei
1186 1269 1319 1330 indicare
1340 1287 1396 1328 non

283 1403 420 1462 possum:
451 1401 523 1443 nam
550 1381 646 1441 adhue
677 1381 739 1440 sine
771 1379 913 1456 pecunia,
944 1379 1008 1439 sine
1039 1380 1156 1440 delectu
1187 1378 1267 1439 eirea
1289 1377 1396 1455 Aquis·

284 1513 412 1573 granum
438 1492 543 1552 haeret
550 1535 558 1564 ,
593 1490 683 1550 multi
708 1491 800 1551 etiam
826 1490 892 1566 jam
922 1491 1122 1561 recesserunt,
1144 1488 1245 1565 plures
1267 1489 1398 1565 quotidie

284 1603 419 1664 recedere
441 1602 592 1662 dieantur.
634 1599 691 1659 Sed
713 1601 770 1660 hoo
790 1603 872 1660 certo
897 1597 1091 1678 eognovimus
1116 1597 1151 1658 d'e
1176 1597 1290 1671 milite,
1313 1593 1432 1674 quem'

284 1712 489 1790 Fronsberger
509 1714 541 1770 et
560 1709 699 1770 Polwiler
710 1710 840 1782 duount,
862 1709 984 1785 propius
998 1707 1137 1769 Geldriae
1151 1708 1397 1786 appropinquare,

284 1821 431 1898 multique
458 1822 614 1890 metuunt,
645 1818 726 1894 ipsos
756 1821 904 1878 secretum
932 1817 1090 1878 eonsilium
1121 1836 1190 1876 oum
1221 1817 1398 1894 quibusdam

286 1931 403 1992 Geldris
430 1929 547 1989 habere.
588 1928 623 1987 Id
657 1927 682 1987 si
705 1927 766 1987 illis
790 1928 981 2000 successerit,
1002 1927 1068 1986 fieri
1090 1945 1191 2004 posse,
1214 1930 1249 1987 ut
1267 1927 1399 2002 ejusdem

285 2041 365 2117 apud
389 2058 444 2101 nos
465 2037 576 2098 fiducia
596 2036 725 2098 ulterius
746 2037 889 2098 adversus
911 2039 1012 2114 partes
1026 2040 1146 2098 nostras
1159 2036 1399 2114 progrediantur.

285 2149 447 2226 Utcunque
467 2148 522 2224 sit,
544 2165 646 2225 spero,
668 2148 744 2207 hano
766 2146 985 2222 expeditionem
1005 2165 1059 2207 ros
1080 2147 1187 2208 melius
1212 2150 1244 2208 et
1262 2148 1352 2208 eitius
1366 2167 1400 2207 ex

285 2259 346 2322 illis
373 2258 461 2331 loeis,
483 2257 521 2318 ad
545 2275 619 2334 quos
645 2255 842 2327 descendant,
863 2255 1069 2316 intellecturos
1076 2299 1084 2328 ,
1106 2274 1197 2333 quam
1216 2274 1271 2334 ego
1294 2257 1400 2318 hievel

285 2368 360 2429 seire
388 2368 437 2429 vel
465 2367 594 2428 seribere
626 2368 739 2442 potero.
791 2366 862 2428 Alia
891 2365 1039 2427 novatio
1062 2385 1123 2426 non
1150 2366 1303 2426 habemus.
1344 2365 1400 2426 Sed

286 2496 354 2539 oum
377 2475 560 2554 intelligam,
580 2476 696 2552 legatos
716 2473 850 2534 omnium
875 2475 1111 2551 provinciarum,
1134 2475 1187 2552 qui
1209 2466 1400 2553 Antwerplae

286 2584 457 2665 congregati
481 2585 616 2659 fuerant,
637 2603 769 2662 quosque
791 2586 829 2644 ad
851 2603 920 2646 suas
941 2585 1110 2662 provincias
1136 2584 1291 2664 ablegatos
1320 2606 1399 2659 esse,

285 2699 321 2756 ut
342 2712 431 2773 super
451 2695 503 2768 iis,
526 2714 601 2771 quae
622 2695 665 2754 ibi
685 2695 723 2755 ab
745 2693 911 2756 Ordinibus
929 2695 1118 2773 generalibus
1142 2696 1298 2771 proposita
1320 2699 1399 2771 sunt,

285 2825 354 2867 oum
374 2804 435 2866 suis
458 2805 568 2882 quique
589 2804 768 2880 deliberent,
790 2804 978 2865 considerata
987 2805 1166 2866 necessitate
1180 2806 1310 2866 melioris
1322 2807 1400 2866 ordi-

285 2914 347 2988 nis,
379 2914 443 2975 sine
474 2933 533 2991 quo
563 2914 695 2974 humana
725 2913 842 2974 ratione
872 2914 948 2975 salvi
975 2918 1007 2975 et
1036 2915 1201 2976 incolumes
1228 2935 1400 2994 permanere

284 3017 471 3102 nequimus,
491 3026 522 3085 et
548 3043 619 3084 saue
644 3026 767 3102 propter
794 3024 998 3085 confusionem
1029 3025 1128 3100 illam,
1156 3045 1232 3104 quae
1254 3017 1401 3087 ¹haetenus

284 3134 365 3195 inter
388 3135 486 3194 statas
509 3133 583 3206 fnit,
600 3133 665 3210 jam
688 3134 808 3212 saepius
832 3134 933 3194 omnia
953 3134 1070 3211 perdita
1090 3135 1231 3212 fuissent,
1247 3136 1307 3196 nisi
1320 3136 1400 3197 Deus

180 3254 182 3258 ’
283 3265 338 3326 pro
359 3265 414 3308 sua
433 3246 639 3308 misericordia
662 3247 787 3308 oonsilia
818 3249 850 3308 ot
871 3249 997 3308 conatus
1018 3247 1257 3310 adversariorum
1281 3249 1400 3308 nostro·

188 3389 190 3394 ,
283 3375 352 3417 rum
378 3355 534 3418 evertisset
560 3359 591 3417 et
621 3356 824 3434 impediisset,
852 3355 1032 3433 ipsimetque
1059 3355 1218 3418 victoriam
1250 3355 1324 3431 sibi,
1355 3356 1399 3416 ita

284 3465 453 3526 destinante
484 3465 564 3542 Deo,
596 3465 713 3543 quoties
734 3465 854 3525 eumin
874 3484 966 3526 manu
986 3465 1171 3541 habuerunt,
1192 3483 1254 3526 non
1275 3465 1399 3543 eripuis-

283 3577 365 3652 sent,
396 3593 472 3651 quae
504 3574 605 3635 omnia
637 3593 729 3652 aeque
761 3573 847 3635 vobis
874 3577 966 3651 atque
993 3575 1067 3634 mihi
1088 3575 1209 3654 oognita
1230 3579 1311 3636 sunt.
1353 3574 1399 3636 Ob

283 3683 361 3745 hano
379 3683 475 3762 igitur
495 3701 631 3745 caussam
651 3701 705 3744 voe
729 3701 802 3761 rogo
821 3685 853 3744 et
873 3702 996 3760 moneo,
1013 3687 1053 3745 ut
1077 3703 1167 3761 quam
1194 3684 1337 3745 eitissime
1351 3705 1399 3746 su-

282 3811 336 3870 per
358 3792 395 3853 iis
416 3806 473 3854 ros
492 3791 667 3865 resolvatis,
687 3793 719 3852 et
740 3791 765 3852 si
785 3811 882 3855 novus
904 3796 1069 3855 conventus
1091 3793 1283 3870 Antuerpiao
1304 3794 1399 3855 indie-

282 3903 333 3966 tus
364 3905 425 3978 est,
456 3905 493 3964 ut
522 3921 591 3962 oum
615 3902 711 3978 plenis
737 3903 889 3965 mandatis
908 3904 1024 3982 legatos
1048 3905 1166 3964 vestros
1187 3922 1222 3964 eo
1247 3903 1397 3999 ablegefig

281 4009 351 4072 Non
375 4011 455 4072 enim
475 4012 548 4071 haee
571 4029 620 4072 res
645 4011 766 4090 longam
787 4013 921 4090 patitur,
943 4016 1048 4088 estque
1070 4013 1157 4089 talis,
1172 4032 1248 4090 quae
1262 4030 1318 4074 noo
1331 4030 1398 4089 pos-

281 4120 323 4184 sit
348 4140 403 4182 nee
424 4120 532 4180 debeat
552 4118 590 4180 ab
614 4121 669 4197 iis,
691 4123 802 4198 quibus
822 4123 987 4184 eommunis
1011 4123 1093 4184 salus
1115 4143 1204 4184 curae
1225 4127 1289 4201 eet,
1310 4124 1398 4186 dene·

279 4231 354 4314 gari.
395 4228 440 4290 Ut
458 4229 531 4290 haee
552 4229 591 4290 ad
611 4249 665 4292 vos
686 4232 831 4306 scribam,
852 4235 1013 4294 moverunt
1032 4251 1080 4296 me
1101 4233 1207 4295 literae
1229 4236 1398 4314 oolegarum

251 4349 253 4354 ’
279 4359 432 4417 meorum,
464 4357 591 4416 quorum
621 4340 715 4419 rerba
745 4343 792 4403 his
823 4341 920 4404 literis
953 4342 1098 4419 subjicere
1125 4344 1216 4406 volui.
1265 4345 1294 4405 A
1314 4344 1397 4407 vobis
