3020 5360
277 486 315 546 7ss
379 465 394 476 ’
687 495 823 540 seorsus
850 493 979 538 suanos.

273 661 424 740 personis,
456 660 564 720 saltem
594 657 730 718 homines
762 657 905 734 ipsorum.
957 652 1110 715 Numerus
1140 654 1262 717 futurus
1283 654 1402 716 dieitur

274 773 357 832 ultra
378 789 428 831 sex
448 768 544 830 millis
565 769 717 848 equitum,
739 766 827 828 valde
851 767 968 838 metuo,
990 783 1028 824 ue
1050 765 1083 825 in
1103 745 1304 826 eo'conreutu
1316 782 1403 825 nova

271 881 376 958 ,aliqua
396 877 620 939 confoederatio
642 879 748 936 contra
769 874 908 953 Belgium
932 874 1065 935 ineatur.
1106 873 1165 934 Sed
1185 873 1325 934 consolor
1351 891 1404 934 mu

277 989 358 1049 dicto
389 988 449 1049 isto
471 986 665 1064 psalmistae:
699 985 863 1044 »Dominus
882 983 1049 1044 labefactat
1069 983 1226 1044 consilium
1245 983 1405 1060 gentium,

277 1097 417 1175 infringit
447 1094 646 1174 cogitationes
677 1095 873 1171 populorum,
905 1092 1026 1153 Domini
1059 1095 1160 1153 autem
1187 1091 1347 1152 eonsilium
1366 1091 1405 1151 in

279 1207 435 1266 aeternum
463 1205 597 1280 perstat,
630 1201 828 1282 cogitationes
853 1201 953 1262 cordis
973 1201 1039 1278 ejus
1060 1201 1092 1262 in
1110 1201 1243 1262 seculum
1263 1201 1296 1261 et
1316 1217 1406 1261 saeu-

183 1345 188 1354 ·
278 1313 370 1373 lum.'’
415 1311 452 1372 12
468 1311 562 1373 Junii.

279 1858 328 1920 44.
414 1857 515 1936 Oopr'ce
535 1857 677 1918 lderomm
697 1872 836 1917 rennues
857 1855 900 1917 cd
918 1855 1059 1917 &minem
1081 1857 1116 1916 de
1136 1870 1278 1916 uruuour.

995 2031 1091 2106 Koln,
1115 2033 1248 2094 12J1mi
1269 2034 1364 2096 1581.

186 2294 188 2302 y
321 2216 467 2277 Salutem.
518 2211 636 2273 Nobilis
667 2213 699 2272 et
729 2209 888 2290 magnifice
917 2209 1045 2273 domine.
1098 2208 1175 2270 Cum
1203 2230 1312 2291 magno
1335 2231 1405 2274 meo

264 2326 384 2386 ¹dolore
410 2320 564 2394 intellexi,
585 2338 662 2397 quae
688 2338 784 2396 nuper
805 2318 967 2378 admodum
989 2319 1143 2397 Dignitati
1167 2322 1238 2380 tuae
1259 2339 1322 2381 nou
1338 2324 1405 2382 tam

283 2453 351 2494 eum
373 2450 427 2493 suo
447 2428 560 2501 milite,
582 2445 673 2505 quam
694 2447 763 2486 cum
783 2427 936 2504 adjunctis
959 2427 1083 2489 rusticis
1105 2427 1289 2490 acciderunt.
1336 2430 1405 2490 Imo
1488 2475 1489 2512 ,

282 2542 338 2602 illa
359 2538 454 2618 magis
474 2538 575 2610 doleo,
598 2555 674 2613 quae
695 2536 797 2614 fugam
818 2537 903 2596 illam
923 2537 1107 2614 subsequuta
1131 2541 1212 2598 sunt.
1254 2535 1313 2598 Sed
1334 2558 1405 2599 cum

288 2650 327 2708 ad
350 2647 497 2725 judicium
520 2645 576 2705 Dei
597 2643 742 2721 respicio,
764 2643 813 2704 cui
836 2663 917 2705 nuno
937 2643 997 2718 hii,
1018 2663 1099 2705 nuno
1119 2645 1166 2705 illi
1180 2646 1323 2708 obnoxios
1339 2667 1405 2709 sose

284 2757 429 2828 reddunt,
461 2773 497 2815 ac
524 2753 602 2814 forte
626 2753 719 2813 etiam
742 2754 798 2814 hoe
828 2771 891 2814 esse
916 2753 1024 2830 possit,
1045 2756 1083 2814 ut
1101 2755 1236 2814 nondum
1257 2755 1333 2817 satis
1356 2758 1405 2819 vel
1487 2775 1488 2780 ¹

284 2866 420 2943 ipsemet*
430 2864 618 2925 vocationem
639 2866 725 2924 tuam
745 2863 913 2942 intelligas,
929 2863 1083 2942 magisque
1096 2863 1248 2925 uindictae
1261 2867 1404 2943 propriae

284 2993 375 3052 quam
399 2973 454 3032 Dei
475 2973 647 3046 incumbas;
678 2972 816 3033 consolor
841 2991 889 3032 me
911 2973 1014 3055 potius
1034 2972 1066 3032 id
1091 2991 1126 3032 ex
1148 2973 1248 3052 gratia
1268 2973 1326 3034 Dei
1351 2977 1404 3036 ad·

283 3083 456 3144 monitionis
477 3101 547 3162 ergo
571 3083 686 3143 factum
707 3101 786 3156 esse,
815 3101 905 3158 quam
927 3082 1007 3158 quod
1027 3081 1162 3143 heroicos
1187 3089 1254 3144 tuos
1275 3089 1403 3146 conatus

284 3193 365 3253 Deus
386 3193 546 3269 reprobare
570 3192 711 3254 voluerit.
752 3194 793 3252 Et
813 3190 991 3269 praesertim
1004 3209 1085 3251 cum
1106 3193 1191 3252 nulla
1210 3192 1335 3271 ignaria
1356 3194 1403 3255 vel

282 3300 436 3362 temeritas
457 3319 601 3378 personae
622 3303 694 3361 tuae
714 3300 859 3376 imputari
879 3302 991 3378 queat,
1011 3302 1048 3361 ut
1071 3301 1139 3362 aliis
1159 3302 1319 3378 praefectis
1342 3322 1403 3365 uon

284 3409 434 3470 immerito
455 3409 608 3486 imputata
628 3409 697 3469 fuit.

324 3517 478 3577 Admoneo
512 3535 582 3594 ergo
617 3515 802 3594 Dignitatem
835 3518 936 3590 tuam,
977 3536 1017 3577 ue
1049 3519 1232 3598 despondeat
1268 3520 1402 3580 animum

284 3641 388 3698 suum,
410 3627 463 3685 sed
487 3625 519 3684 in
544 3644 578 3686 co
599 3625 686 3686 illum
706 3625 854 3704 corrigat,
875 3628 912 3685 nt
933 3626 1063 3706 cogitet,
1091 3629 1147 3688 hoc
1167 3627 1321 3707 negotium
1342 3649 1402 3690 non

284 3735 437 3811 privatum
446 3753 538 3828 Nesse,
560 3734 612 3814 sed
632 3734 706 3808 Dei;
726 3734 832 3794 deinde
853 3753 966 3796 memor
986 3735 1041 3810 sit,
1064 3738 1242 3814 prophetam
1256 3756 1324 3797 eum
1339 3757 1401 3798 ma·

283 3842 427 3903 lediotum
448 3843 562 3916 dicere,
584 3843 637 3919 qui
658 3842 732 3903 iacit
752 3861 825 3919 opus
846 3841 967 3902 Domini
989 3844 1187 3923 negligenter.
1238 3845 1304 3907 Hoc
1326 3865 1401 3925 opus

283 3951 371 4028 quale
402 3949 465 4026 sit,
489 3950 555 4026 jam
576 3952 648 4010 ante
668 3948 784 4010 doctori
808 3949 970 4010 Remberto
991 3949 1125 4012 Ackema
1145 3953 1326 4031 significari,
1349 3973 1402 4015 nec

284 4059 406 4134 dubito,
438 4059 511 4136 quin
542 4059 581 4119 ab
613 4077 647 4121 oo
671 4059 702 4118 id
728 4059 827 4136 ipsum
854 4060 1044 4137 cognoverim
1066 4061 1117 4121 sed
1138 4061 1210 4138 quia
1229 4062 1401 4124 libertatem

285 4169 436 4246 quandam
466 4167 499 4230 in
530 4167 704 4246 hujusmodi
726 4168 815 4228 rebus
839 4168 903 4245 jam
925 4169 996 4229 olim
1019 4170 1119 4230 animo
1138 4173 1192 4231 tuo
1211 4173 1402 4248 persuasisti,

284 4278 309 4339 si
336 4280 417 4339 reete
449 4277 589 4352 memini,
620 4280 652 4337 et
680 4277 718 4336 ab
740 4295 775 4337 eo
796 4278 929 4337 nondum
950 4279 1113 4340 extricatus
1134 4281 1189 4354 sis,
1210 4281 1281 4341 hinc
1300 4282 1400 4342 forsan

284 4387 339 4447 illa
358 4386 533 4449 vicissitudo
557 4388 589 4447 et
608 4403 715 4464 paena.
736 4384 896 4449 Conversio
923 4389 956 4448 et
979 4387 1147 4450 benedictio
1168 4392 1234 4450 tum
1255 4390 1399 4465 erit,'ubi
1482 4381 1483 4402 ¹

286 4497 325 4557 ad
345 4498 488 4556 honorem
509 4497 540 4556 et
560 4495 687 4574 gloriam
711 4494 767 4555 Dei
788 4498 853 4558 toto
875 4496 975 4582 animo
996 4497 1143 4575 respicere
1166 4498 1307 4576 coeperis.

327 4603 373 4665 Ne
396 4621 490 4678 nova,
511 4622 588 4680 quae
607 4604 656 4664 hie
676 4607 749 4666 sunt
772 4608 923 4683 repetam,
944 4605 1034 4670 mitto
1051 4608 1219 4686 exemplum
1232 4607 1396 4681 literarum,
