3020 5360
367 587 410 630 sn
430 587 592 631 nnnmnun
612 586 673 630 vnn
693 586 754 630 naa
773 584 884 630 nunus.
1133 569 1191 630 103

85 749 152 829 quid
173 747 353 809 incommodi
382 747 489 825 patriis
511 746 623 807 nostris
653 746 779 807 adferat.
822 744 855 807 Si
874 748 978 807 tamen
998 745 1129 827 reliquae
1149 747 1196 809 vi·

85 858 162 917 cinae
193 855 368 933 provinciae
397 858 435 916 ut
464 858 511 917 est
543 854 659 928 (iahia,
690 855 879 931 Trajeotum,
914 853 1143 915 Transisulania
1162 854 1196 915 in

84 965 278 1026 Alenzonium
298 964 522 1040 consenserint,
542 983 604 1024 non
624 963 738 1042 poterit
759 963 832 1024 haec
852 979 900 1023 res
921 963 1052 1041 amplius
1074 963 1194 1042 corrigi.

84 1074 136 1135 Sed
167 1076 192 1135 si
223 1075 293 1136 illac
324 1077 458 1136 vestrum
486 1074 631 1150 judicium
652 1073 737 1154 sequi
758 1072 899 1146 mallent,
920 1074 987 1133 tum
1003 1073 1091 1150 justa
1109 1072 1196 1135 nobis

86 1185 280 1265 conquerendi
295 1203 384 1246 causa
405 1186 499 1258 esset3
520 1183 607 1246 vobis
621 1185 725 1244 tamon
737 1201 799 1243 non
812 1180 913 1242 minus
926 1181 1002 1242 utile
1017 1181 1089 1259 erit,
1104 1200 1196 1262 quam

86 1293 172 1353 nobis.
190 1295 221 1355 et
251 1293 319 1353 aliis
349 1292 510 1369 provinciis
542 1291 715 1368 hujusmodi
734 1291 816 1352 inter
837 1309 940 1351 omnes
961 1292 1051 1369 pacta
1064 1290 1196 1353 intorva·

85 1403 160 1476 nire,
191 1420 228 1462 ue
249 1404 313 1461 tam
333 1401 461 1478 duplici,
494 1420 585 1481 quam
605 1419 666 1462 nmo
688 1399 833 1479 regimine
853 1399 1002 1461 contineri
1021 1399 1196 1475 videamur,

86 1512 136 1572 hoc
156 1529 230 1573 casu
248 1511 385 1574 fortassis
406 1510 622 1592 qualiscunque
643 1510 716 1570 haao
740 1508 891 1587 separatio
916 1509 956 1570 ad
978 1505 1194 1571 continendum

86 1623 243 1702 utrumque
256 1621 290 1682 in
310 1621 406 1682 officio
426 1620 534 1681 idonea
556 1637 618 1680 esse
638 1617 766 1697 poterit,
788 1618 839 1680 sod
860 1618 897 1680 do
918 1618 975 1680 hac
995 1636 1028 1680 re
1048 1621 1134 1680 tuam
1147 1638 1198 1680 ax·

87 1733 168 1808 pecto
189 1732 371 1793 sententiam
395 1733 427 1792 et
447 1729 693 1792 consolationem.

122 1841 159 1900 25
179 1839 251 1902 Feb.
274 1839 362 1901 1582.

538 2169 727 2182 *-

87 2415 129 2475 59.
362 2417 521 2476 011111εεί1ηο
541 2417 791 2492 consultissimaque
819 2415 878 2474 viro
897 2429 1055 2473 annaan'ro
1075 2430 1197 2473 ncnnnn

319 2527 349 2585 J.
376 2529 411 2602 U,
432 2528 549 2599 doctori,
570 2527 679 2586 daunino
699 2535 724 2584 ct
745 2525 833 2584 amico
850 2543 899 2583 sao
916 2525 1086 2584 honorando.
1108 2523 1195 2582 Emb-

321 2636 383 2693 den.

791 2841 886 2919 nan,
908 2842 947 2902 25
969 2841 1154 2903 Juni1582.

124 3045 267 3108 Salutem.
308 3045 423 3127 Probat
455 3049 486 3108 te
516 3046 665 3108 Dominus
684 3046 778 3110 variis
801 3048 941 3125 paniculis
963 3051 994 3110 et
1015 3048 1197 3111 calamitati·
1294 3085 1299 3096 ·

88 3151 153 3230 bus,
173 3175 250 3236 quae
270 3157 307 3216 ut
327 3155 461 3216 seruant
482 3155 539 3216 tibi
560 3156 599 3216 ad
620 3155 884 3217 mortificationem
905 3157 1015 3218 vetoris
1039 3157 1087 3218 tui
1100 3158 1196 3218 homi·

88 3263 145 3338 nis,
177 3267 304 3326 eundem
335 3267 459 3343 supplex
489 3284 578 3344 rogo,
626 3266 709 3337 Quae
739 3265 813 3327 mihi
840 3265 946 3328 scribis
967 3266 1003 3326 de
1024 3266 1197 3343 discordiis,

90 3393 160 3454 quaa
180 3377 251 3437 binc
270 3375 339 3436 inda
360 3377 440 3436 inter
459 3376 591 3438 divorsas
610 3379 712 3453 partos
726 3379 921 3455 grassantur,
940 3378 1094 3457 utcunque
1108 3396 1197 3455 super

89 3481 122 3544 iis
152 3487 284 3560 doleam,
315 3486 391 3546 nihil
422 3489 524 3546 tamon
544 3486 655 3546 mirum
676 3486 750 3546 mihi
772 3486 896 3560 accidit3
916 3487 1033 3547 nemis
1054 3487 1195 3566 spiritus,

89 3595 136 3670 qui
157 3599 204 3657 ost
224 3595 382 3675 vertiginis
407 3599 438 3656 et
458 3596 641 3657 confusionis
660 3616 741 3657 nuno
761 3595 949 3671 dominatur,
974 3614 993 3657 a
1013 3598 1076 3677 qno'
1093 3599 1197 3658 metuo

89 3719 143 3762 non
163 3709 235 3766 anto
255 3707 288 3766 in
307 3725 463 3766 commune
482 3707 693 3781 liberabimur,
713 3726 803 3784 quam
823 3707 876 3768 ubi
897 3725 952 3768 nos
973 3707 1120 3768 Dominus
1133 3726 1197 3769 ma·

87 3810 143 3886 jori
171 3815 273 3893 gratia
295 3817 326 3876 et
349 3816 415 3876 luce
440 3815 569 3876 invisere
596 3816 737 3894 dignatus
757 3815 858 3879 fuerit.
899 3815 949 3876 Ad
970 3817 1088 3895 singula
1108 3818 1196 3878 modo

88 3925 261 4000 respondere
273 3944 342 4014 non
360 3945 496 4002 possum,
519 3925 571 3984 sed
591 3926 709 3985 utinam
730 3925 788 3984 Dei
808 3926 951 3987 voluntas
967 3929 1061 4014 osset,
1076 3928 1112 3987 ut
1124 3929 1196 3988 tuae

90 4035 249 4098 sententiaa
269 4036 438 4097 satisfieret.
479 4036 559 4096 Nam
579 4055 615 4096 oa
635 4039 681 4097 ost
702 4037 830 4114 optima,
853 4040 886 4097 et
903 4037 929 4097 si
943 4037 1017 4114 alia,
1032 4057 1123 4117 quam
1136 4037 1198 4097 ista

91 4141 228 4220 eligatur,
256 4146 409 4222 jacientur
440 4145 555 4211 semina
584 4145 722 4223 perpetui
749 4146 830 4205 mali.
870 4135 998 4226 Habetis
1019 4146 1051 4206 in
1073 4147 1197 4207 civitate

23 4277 27 4284 ·
91 4253 185 4328 capita
205 4256 370 4332 quaedam,
392 4273 469 4333 quae
489 4254 595 4315 fovent
615 4253 709 4315 fecem
728 4254 828 4331 illam,
849 4254 932 4315 etin
953 4271 1025 4332 agro
1037 4259 1109 4315 sunt
1122 4274 1197 4317 non-

90 4363 176 4441 nulli,
197 4366 250 4444 qui
270 4367 338 4444 plus
360 4366 418 4426 sibi
438 4364 538 4426 debari
558 4368 687 4443 putant,
708 4384 799 4443 quam
819 4365 942 4424 libertas
961 4340 1068 4424 innata
1081 4368 1198 4426 vestra-

93 4467 171 4533 tibus
191 4475 269 4538 ferra
292 4478 407 4555 potest,
428 4475 461 4535 hi
482 4477 554 4536 sunt
573 4475 626 4551 qui
647 4479 678 4536 et
698 4493 801 4553 pacem
823 4477 854 4534 et
868 4474 996 4534 salutem
1010 4491 1198 4534 communem

94 4582 228 4661 utrinque
248 4585 375 4644 turbant
396 4587 427 4644 et
446 4582 624 4660 impediunt.

131 4691 214 4762 Quod
236 4695 274 4754 ad
295 4695 394 4756 media
414 4696 468 4754 tua
488 4693 601 4755 attinet
622 4711 657 4753 ea
678 4691 817 4754 similiter
839 4693 954 4769 optima
974 4694 1066 4769 duco,
1087 4692 1139 4755 aad
1160 4691 1197 4753 de
1229 4731 1233 4740 ,
