3028 5348
382 513 539 558 mscunsns
560 487 605 556 nn
625 515 684 559 nnn
706 512 946 558 concnnmnmon.
1198 495 1215 556 'i

138 673 265 751 Semper
294 677 398 735 tamen
427 695 522 735 annm
555 677 669 738 malum
688 677 817 737 altorum
844 672 987 748 exitavit,
1008 675 1044 733 ut
1068 690 1123 732 nec
1144 689 1219 749 opus

98 785 181 842 recta
203 802 337 862 unquam
356 783 528 861 incoeptum
547 787 645 847 multo
664 784 765 844 minas
785 783 824 842 ad
837 781 927 842 finem
939 781 1109 860 pervenisse
1122 798 1218 858 neque

97 893 165 952 tum
186 912 284 970 neque
316 894 412 955 adhac
440 893 537 957 vidoni
556 895 667 972 possit,
689 893 742 954 sed
765 894 900 968 eic‘t'cientc
923 893 984 951 Deo
1004 910 1090 950 cocae
1109 907 1216 966 conpos·

98 1003 269 1076 occasiones,
302 1003 400 1080 quibas
429 1023 503 1063 acac
526 1005 623 1080 dcq'ccti
649 1004 740 1063 ocimi
764 1021 838 1062 oanc
857 1019 957 1061 rursus
980 1000 1065 1059 coccii
1089 998 1218 1075 cecoque

90 1113 223 1189 fueruat.

137 1220 225 1282 Inter
255 1239 330 1298 quae
360 1239 422 1283 non
441 1221 566 1283 minima
592 1221 653 1282 ista
671 1220 750 1297 fnit,
769 1220 850 1299 quod
870 1221 1034 1298 suppliciam
1059 1220 1093 1278 dc
1113 1216 1219 1278 doctae

98 1333 242 1391 comitibus
273 1333 458 1410 Eymecndono
489 1342 515 1392 et
545 1332 656 1392 Heronio
682 1343 820 1408 cumptum
840 1329 908 1391 fuit
949 1329 1015 1391 Hoc
1036 1329 1150 1391 factum
1173 1326 1219 1386 ita

99 1441 294 1504 exacerbavit
324 1461 386 1502 non
418 1442 515 1503 solnm
542 1443 658 1504 animos
679 1441 868 1503 subditorum
892 1439 943 1501 aad
966 1439 1101 1500 omnium
1124 1437 1216 1498 etiam

99 1550 336 1626 Germanorum,
367 1554 404 1613 ut
437 1551 512 1611 nihil
542 1570 676 1630 unquam
695 1551 849 1630 indignius
872 1553 990 1629 gestum
1011 1549 1102 1610 fuisse
1123 1547 1218 1609 omni·

99 1658 217 1737 busque
244 1660 340 1721 modis
360 1661 462 1722 cuncti
485 1660 699 1722 vindicandum
721 1661 900 1722 censuerint.

136 1770 181 1830 At
201 1789 309 1847 parum
329 1769 378 1830 hic
399 1769 438 1830 ed
458 1770 515 1830 Dei
536 1771 691 1832 consilinm
713 1771 848 1833 homines
870 1770 1074 1846 respexerunt.
1101 1767 1218 1828 Rursus

100 1897 149 1940 coe
168 1880 255 1940 Deus
273 1880 330 1941 hcc
346 1879 426 1942 iacto
450 1879 555 1942 docere
576 1884 607 1943 et
631 1880 806 1942 convincere
826 1879 940 1955 voluit,
954 1879 981 1940 ei
996 1877 1074 1940 tanti
1087 1879 1218 1940 mundus

101 2008 169 2050 enos
201 1989 279 2050 filios
312 1989 419 2069 diligat
442 1993 474 2051 et
503 1989 657 2064 aestimet,
689 1992 804 2068 quanto
837 1989 934 2068 magis
964 1990 1027 2067 ipsc
1050 2007 1120 2049 suos
1140 1987 1218 2048 filios

100 2101 180 2159 amet
213 2117 247 2159 ac
277 2098 385 2174 faeiat,
417 2117 492 2180 quos
522 2099 607 2158 nullo
634 2117 696 2158 non
715 2097 866 2158 cruciatus
886 2116 994 2175 genere
1018 2095 1142 2158 comites
1165 2096 1218 2158 isti

101 2225 161 2266 nne
182 2225 254 2267 cum
274 2207 341 2268 aliie
355 2189 456 2269 occidi
476 2208 707 2286 poenituerunt,
728 2207 777 2270 vel
798 2225 872 2284 quos
892 2207 950 2283 ipsi
963 2205 1084 2284 judiciis
1102 2209 1134 2267 et
1153 2205 1218 2285 gla-

101 2316 157 2377 diis
178 2316 242 2377 anis
262 2315 357 2378 occidi
377 2320 600 2395 praeceperunt.

138 2425 208 2487 Hoc
227 2425 342 2487 factum
361 2445 434 2505 prae
455 2426 562 2486 ceteris
581 2444 643 2486 non
664 2445 770 2503 parum
797 2425 1036 2487 illustrissimum
1052 2424 1218 2501 principem

102 2535 268 2597 Aaraicum
288 2536 422 2614 adjuvit,
453 2537 535 2615 quod
557 2539 622 2597 tam
648 2537 796 2616 insignem
819 2536 983 2597 exercitum
1006 2535 1039 2594 in
1059 2533 1219 2596 (immania

100 2640 185 2704 brevi
210 2648 342 2720 tempore
362 2661 431 2704 cum
451 2661 561 2722 magno
582 2642 684 2704 favore
704 2642 873 2720 principum
894 2642 1066 2721 collegerit,
1086 2643 1138 2703 sed
1158 2661 1217 2722 quo

100 2750 176 2810 nihil
199 2752 346 2828 praeclari
366 2751 521 2829 praestitit
542 2750 654 2830 partim
676 2751 714 2811 ob
734 2769 845 2828 poenas
864 2750 951 2812 nobis
971 2751 1067 2812 aDoo
1081 2751 1214 2812 destina·

101 2861 162 2938 tas,
197 2860 309 2938 partim
339 2860 432 2922 etiam
461 2864 537 2940 qood
563 2863 717 2922 Deianora
739 2863 999 2939 tomiacmcpertei
1025 2862 1143 2934 sicidae,
1169 2863 1220 2922 scd

100 2971 285 3048 sicyolomtoe
314 2973 400 3033 modia
430 2982 545 3049 praeter
577 2973 714 3033 dominoco
744 2973 896 3068 opinionon
913 2973 1024 3047 judicio
1050 2991 1103 3031 eoo
1123 2971 1221 3048 cceqci

102 3082 195 3140 soleat.

140 3188 382 3266 Triumphabant
410 3194 477 3251 tum
507 3189 649 3269 Hispani,
670 3191 722 3251 scd
749 3189 821 3269 quia
841 3188 990 3267 judicium
1012 3186 1070 3248 Dei
1095 3187 1216 3268 longius

102 3300 132 3358 et
154 3299 303 3376 paulatim
326 3300 419 3360 etiam
440 3300 579 3378 adipson
606 3300 725 3362 devolvi
750 3299 868 3373 debuit,
889 3297 995 3376 injecit
1015 3297 1096 3358 Deua
1122 3297 1216 3360 aliam

103 3408 287 3469 occasionem
318 3427 373 3486 pcr
403 3409 585 3471 decimarum
609 3410 803 3471 exactionem.
853 3409 969 3469 Rursus
999 3426 1080 3471 nova
1099 3406 1217 3469 confoe·

103 3516 219 3578 doratio
238 3518 316 3579 inito
338 3520 400 3596 eat,
420 3537 517 3581 novae
538 3519 685 3580 exercitae
704 3518 890 3595 conscriptus
916 3517 990 3592 fuit,
1005 3517 1218 3580 omniacoram

102 3627 214 3687 mundo
245 3626 326 3688 laete
355 3630 387 3688 et
406 3627 507 3688 vedida
529 3627 702 3704 vitasunt,
722 3627 774 3689 sed
794 3627 896 3689 tristia
915 3630 947 3688 et
966 3627 1096 3688 infirmia
1117 3645 1218 3690 ceram

103 3732 180 3810 Deo,
210 3735 248 3796 ob
268 3736 403 3811 easdem,
424 3755 500 3815 quae
524 3756 616 3814 supra
639 3737 847 3811 diximusne,
870 3737 1040 3813 multosque
1067 3736 1217 3814 pnincipce

102 3845 182 3907 viros
208 3845 241 3906 in
270 3845 371 3907 Gallia
399 3845 523 3907 interire
554 3848 586 3908 ct
618 3847 762 3924 pudefieri
792 3847 943 3927 oportuit,
976 3846 1029 3924 qui
1050 3845 1217 3907 vocationis

103 3973 174 4015 suec
197 3974 304 4032 parum
326 3974 488 4031 memores,
509 3975 584 4035 quoe
605 3956 686 4019 Deae
707 3958 814 4035 punire
836 3961 868 4018 ct
888 3957 1042 4018 destrucre
1055 3971 1216 4031 proposue-

102 4073 162 4140 rat,
189 4083 291 4125 eornm
312 4065 499 4142 splendorem
524 4069 554 4128 ct
574 4067 719 4127 honorem
743 4067 789 4126 illi
809 4065 992 4144 amplificare
1011 4065 1182 4126 voluerunt.

141 4173 296 4244 Quomodo
327 4175 434 4236 deinde
456 4176 594 4254 princeps
615 4175 763 4237 Anraicos
786 4175 826 4235 ab
846 4174 1004 4235 Hellandis
1029 4177 1060 4235 et
1081 4173 1217 4236 Selandis

102 4287 241 4361 exceptus
262 4285 318 4360 eit,
341 4284 489 4364 quomodo
510 4285 580 4346 inde
600 4285 740 4346 catholici
760 4285 866 4362 ejecti,
887 4303 978 4362 quam
997 4284 1082 4346 varia
1095 4283 1218 4345 fortuna

101 4393 142 4453 ibi
164 4398 331 4475 pugnatum
357 4396 411 4471 sit,
433 4399 568 4476 quomodo
578 4398 703 4475 Hcipoci
714 4398 818 4476 quotics
830 4397 972 4456 oc'cton‘cm
985 4396 1014 4454 ic
1025 4393 1217 4455 moechabere

101 4505 276 4582 videbantur,
296 4508 404 4584 meimet
424 4527 483 4569 eom
503 4509 674 4587 impedienti
694 4518 719 4570 et
735 4507 927 4585 perturbarint
951 4517 977 4569 ct
992 4505 1216 4570 ottimooccoeio·
