3020 5360
508 518 665 562 naussum
684 516 815 563 saxam.

115 676 246 738 Praeside.
296 676 375 748 Quia
405 696 474 738 cum
503 679 613 740 nuncio
642 678 808 758 ableganda
829 698 973 756 propero,
993 680 1081 755 plura
1101 679 1211 740 addere

112 804 166 846 non
181 803 306 863 possum.
348 782 439 847 Mitto
461 788 656 849 credentiales
676 807 751 869 quas
772 807 867 866 nuper
888 808 906 849 a
926 809 974 848 me
995 789 1139 866 petivisti.

147 894 302 955 Benevola
323 895 370 956 vir
392 895 605 956 amantissime.

147 999 289 1080 Coloniae,
313 1004 349 1063 11
370 1003 457 1064 Junii
479 1004 567 1066 1581.

908 1116 1048 1206 Tuusex
1068 1115 1168 1178 animo

979 1225 1016 1286 A.
1037 1223 1074 1285 A.

551 1537 755 1550 a*

487 1752 573 1832 Copia·
611 1752 830 1814 Ceadcntt'alt'um.

335 1863 431 1922 Notos
445 1933 448 1938 Ι
461 1873 487 1924 ct
517 1865 668 1924 clarissimo
700 1865 758 1924 viro
784 1865 893 1925 domino
912 1879 1049 1925 arando
1070 1877 1130 1921 vrrs
1152 1876 1211 1919 oss

295 1989 411 2048 arear,
432 1975 587 2036 concitarat
608 1975 777 2036 Hodoodiac
797 1985 845 2036 etc.

811 2183 904 2258 Kdln,
930 2182 965 2243 ll
988 2181 1062 2242 Juni
1084 2179 1171 2241 1581.
1244 2168 1248 2172 ⁸

142 2385 308 2448 Clarissima
328 2387 461 2463 domine,
484 2389 510 2450 ai
531 2390 687 2469 contingat
707 2391 932 2452 ornatissimum
944 2390 1044 2452 virum
1059 2389 1210 2449 doctorem

101 2496 290 2558 Rembertum
310 2496 443 2560 Ackema
463 2499 500 2560 ad
517 2502 549 2560 te
558 2501 728 2578 pervenire,
746 2503 782 2562 ut
793 2500 941 2578 imprimis
952 2499 1032 2560 omni
1043 2518 1110 2558 eum
1120 2496 1210 2558 bene·

102 2607 231 2668 volentia
262 2608 469 2686 complectaris
500 2628 688 2688 summopere
711 2631 764 2688 per
785 2610 952 2671 amicitiam
973 2612 1110 2670 nostram
1129 2625 1212 2686 rogo.

101 2715 210 2778 Deinde
233 2720 270 2780 ut
300 2719 424 2793 efficias,
458 2738 517 2800 quo
544 2720 583 2779 ad
604 2720 844 2781 illustrissimum
864 2720 1029 2799 principem
1048 2718 1213 2779 Auraicum

102 2827 156 2886 etc.
186 2827 341 2888 dominum
366 2831 505 2890 nostrum
525 2829 694 2908 gratiosum
713 2830 830 2892 aditum
850 2829 969 2890 habeat.
1013 2829 1070 2889 Est
1089 2826 1137 2888 vir
1160 2843 1214 2903 op-

103 2931 190 2996 timas
225 2938 257 2997 et
289 2935 494 3012 fidelissimus,
521 2937 574 3017 qui
597 2938 713 3017 patriae
737 2957 808 2999 suae
836 2955 953 2996 omnem
978 2953 1097 3013 operam
1126 2951 1213 3012 prae·
1310 2967 1319 2986 ι

102 3041 177 3104 stitit
213 3046 243 3105 et
269 3045 366 3107 adhuc
387 3051 541 3123 praestare
572 3050 698 3124 paratus
719 3049 774 3107 est.
816 3045 908 3123 Cujus
929 3062 1020 3105 causa
1041 3063 1074 3104 eo
1095 3043 1214 3105 venerit

102 3153 203 3214 melius
237 3154 301 3232 ipse
332 3155 390 3216 tibi
421 3174 512 3234 quam
542 3175 596 3234 ogo
628 3155 798 3232 explicabit.
839 3156 905 3216 Hoc
925 3155 1046 3215 tantum
1065 3171 1157 3231 rogo,
1177 3153 1214 3210 ut

105 3278 168 3322 eum
189 3268 336 3344 tanquam
358 3285 405 3326 me
428 3265 527 3343 ipsum
552 3266 793 3326 commendatum
813 3265 939 3337 habeas,
960 3262 1102 3343 quicquid
1122 3260 1214 3320 etiam

101 3368 155 3446 ipsi
184 3374 296 3434 amoris
328 3377 359 3435 et
390 3375 479 3436 officii
511 3374 717 3451 praestiteris,
748 3374 781 3433 id
811 3377 847 3433 ut
867 3372 941 3433 mihi
966 3370 1146 3449 praestitum
1167 3389 1214 3430 re-

103 3482 222 3555 putabo.

140 3591 221 3652 Bene
241 3595 309 3654 vale
329 3594 377 3656 vir
397 3594 586 3657 amicissime.

141 3699 298 3779 Coloniae,
320 3704 356 3763 11
379 3704 464 3765 Junii
486 3705 574 3766 1581.

708 3791 711 3796 ¹
750 3815 839 3894 Dign.
862 3818 933 3876 tuse
953 3812 1174 3874 addictissimus

862 3944 950 4004 quem
974 3924 1055 3985 nosti

919 4030 957 4091 A.
980 4031 1024 4128 A..
