3028 5348
530 479 688 526 ermanus
709 479 839 524 aeruna.
1205 461 1241 520 51

128 649 316 712 commendo.
368 647 399 707 Is
432 646 487 706 hoo
518 645 618 721 ipsum
642 659 776 720 quoque,
797 643 833 700 ut
853 659 956 720 spero,
979 659 1032 702 suo
1054 645 1188 716 tempora
1209 641 1248 700 ad

128 759 291 837 deputatos
311 755 430 816 referet.
470 753 599 830 Propter
620 751 726 812 turbas
756 750 831 811 istos
851 750 945 811 libros
968 750 1102 810 nondum
1124 749 1246 810 Davan-

25 879 26 882 ’
129 868 221 928 triam
252 865 489 937 transmisimus3
522 881 576 940 pro
603 862 665 922 filio
692 860 807 921 domini
831 859 920 921 Glant
947 861 1027 938 apud
1051 860 1192 921 eomitem
1213 859 1249 918 de

129 971 350 1052 Wittgenstein
371 969 576 1048 praepositum
597 967 708 1028 summi
728 966 834 1044 templi
855 966 919 1045 egi,
945 967 997 1026 sed
1018 967 1174 1044 respondit
1187 966 1246 1027 sibi

131 1082 167 1142 de
188 1081 307 1141 familia
326 1078 481 1157 provisum
502 1096 574 1138 esse.
617 1075 701 1136 Idem
721 1075 870 1136 arbitravi
890 1075 926 1134 de
940 1075 1045 1136 fratre.
1086 1075 1175 1136 Nune
1188 1094 1250 1138 non

132 1190 190 1250 seio
217 1190 314 1248 ullum
341 1187 450 1261 alium,
483 1185 563 1264 apud
587 1203 676 1262 quem
696 1183 870 1263 incorrupto
894 1184 1035 1245 oollooari
1055 1185 1165 1261 possit,
1188 1203 1250 1245 non

133 1299 266 1360 desinam
298 1299 417 1371 tamen,
439 1296 511 1356 deta
533 1294 703 1369 occasione,
729 1293 859 1370 amplius
883 1293 1045 1370 inquirere.
1089 1290 1248 1354 consolare

133 1425 240 1484 quaeso
273 1424 396 1466 uxorem
428 1407 459 1464 et
480 1407 575 1464 estote
604 1403 683 1462 bono
710 1402 828 1478 animo,
850 1423 905 1461 noa
925 1405 1029 1462 deseret
1046 1423 1093 1462 voe
1117 1405 1251 1463 Dominus

132 1519 228 1589 deses,
249 1519 327 1590 cnjus
348 1515 465 1591 pluriam
484 1533 539 1572 oon
560 1515 647 1572 solum
670 1511 734 1588 ipse
756 1511 856 1590 diligis
877 1511 930 1571 sed
950 1513 981 1572 et
994 1529 1170 1589 promovere
1185 1531 1251 1573 eam

134 1628 280 1704 quantum
301 1623 334 1683 in
355 1626 386 1683 te
412 1625 458 1684 est
478 1622 634 1683 incumbis.
675 1621 713 1681 Ei
734 1621 827 1681 etiam
846 1621 916 1681 fidei
939 1624 1011 1682 tuae
1038 1621 1251 1697 attribuimus,

121 1725 212 1812 =quod
244 1734 277 1794 in
308 1733 432 1794 civitate
463 1733 627 1809 prehensus
654 1749 716 1792 non
747 1731 797 1792 sis.
838 1731 919 1792 Bene
943 1732 1041 1792 valete
1072 1731 1159 1792 umbo
1183 1751 1252 1794 oum

135 1843 244 1905 vestris
266 1841 368 1902 liberis
389 1842 421 1901 in
438 1842 546 1902 eodem
566 1841 695 1900 Domino
721 1843 752 1900 et
772 1839 835 1901 Deo
855 1843 969 1900 nostro.

173 1951 298 2030 Raptim
329 1951 487 2028 Coloniae,
517 1950 613 2029 pridie
645 1949 804 2012 Pasohatis
826 1951 867 2027 1).
895 1949 1062 2012 -Salutant
1092 1954 1123 2012 te
1150 1969 1252 2013 omnes

135 2061 199 2122 mei.
1067 2049 1068 2054 ¹

836 2169 918 2230 Tuus
942 2187 976 2229 ox
998 2168 1099 2229 animo

977 2297 1066 2358 quem
1090 2278 1173 2339 nosti

1027 2386 1066 2452 A.
1087 2387 1125 2448 A.

138 3065 184 3124 32.
468 3063 555 3140 Copto
574 3065 615 3124 ad
635 3066 772 3125 dominum
793 3081 935 3124 urrunsa.

177 3301 279 3362 Unum
300 3302 489 3380 Dignitatem
510 3305 595 3363 tuam
621 3303 718 3363 adhue
739 3321 825 3363 orare
839 3302 941 3364 debeo.
983 3303 1064 3374 Quae
1077 3303 1166 3376 fides,
1181 3323 1253 3380 pru·

140 3411 254 3485 dantia,
279 3411 415 3488 probitas
436 3415 467 3472 et
487 3413 635 3473 modestia
655 3413 785 3473 doctoris
807 3412 963 3472 Rambarti
982 3411 1078 3472 nostri
1097 3412 1152 3488 sit,
1168 3430 1254 3489 spero

140 3521 254 3611 saepius
275 3521 341 3598 jam
361 3539 414 3581 vos
435 3525 572 3599 expertos
593 3541 673 3596 esse,
696 3541 789 3599 quare
813 3523 854 3597 si,
880 3525 915 3582 ut
937 3540 1040 3600 spero,
1063 3522 1170 3584 ciuitas
1194 3523 1252 3583 ite·

139 3651 204 3690 rum
226 3630 311 3692 vobis
333 3633 533 3712 adjungatur,
556 3635 701 3710 majorem
722 3635 754 3694 in
775 3635 897 3693 modum
918 3652 1007 3712 rogo,
1028 3633 1108 3693 huno
1131 3631 1206 3693 mihi
1225 3635 1256 3714 et

139 3740 183 3799 illi
204 3759 336 3801 amorem
360 3743 507 3819 exhiberi,
529 3762 588 3820 quo
610 3743 643 3803 in
663 3726 826 3821 pristinum
848 3744 976 3804 officium
1004 3761 1092 3802 suum
1112 3741 1255 3802 rest'tua·

139 3854 198 3911 tur.
239 3851 298 3911 Res
325 3851 483 3912 familiaris
504 3854 568 3930 ejus
592 3871 654 3912 non
674 3853 806 3931 patitur,
828 3853 928 3930 ipsum
952 3851 1045 3913 otioso
1068 3851 1185 3926 vivere,
1201 3870 1257 3912 neo

140 3960 200 4020 seio
230 3960 328 4047 ullum
358 3963 505 4039 officium,
537 3963 586 4024 oui
617 3963 711 4042 magis
743 3963 868 4023 idoneus
892 3982 954 4022 esse
974 3961 1118 4039 potuerit.
1154 3961 1256 4024 ¹Valde

139 4070 224 4129 illum
256 4090 373 4156 semper
404 4073 494 4133 dilexi
525 4075 556 4135 et
580 4075 676 4134 adhue
698 4073 807 4152 diligo,
836 4091 927 4150 quare
948 4072 1024 4132 nihil
1044 4071 1118 4131 mihi
1139 4071 1257 4150 gratius

138 4179 270 4240 aooidere
294 4181 422 4256 poterit,
445 4201 515 4242 oum
535 4203 553 4243 a
574 4183 730 4262 Dignitate
751 4188 822 4257 tua,
845 4186 911 4242 tum
942 4183 1034 4242 etiam
1055 4182 1093 4242 ab
1116 4181 1183 4242 aliis
1204 4183 1254 4244 de·

140 4290 255 4364 putatis
280 4291 409 4352 dominis
432 4295 462 4354 et
484 4294 588 4354 amieis
610 4295 698 4369 maie,
720 4294 829 4371 quibus
848 4294 904 4353 hoo
930 4311 984 4353 suo
1005 4296 1141 4370 tempore
1163 4291 1256 4372 signi·

143 4397 264 4458 fioatum
285 4400 390 4477 oupio,
413 4421 503 4480 quam
524 4422 571 4464 me
592 4403 649 4463 hoe
669 4403 769 4479 ipsum
791 4403 823 4462 in
843 4401 974 4480 gratiam
987 4401 1081 4479 ipsius
1095 4394 1257 4479 impetrare

178 4621 201 4688 1)
238 4623 349 4688 alpru.
