3020 5360
495 525 647 568 urursrnre
668 523 701 565 ru
722 523 832 566 serem.
1161 507 1218 566 147

105 705 165 761 qua
186 685 342 758 doctrina,
365 686 510 764 quamdiu
530 703 585 746 nos
606 685 786 760 alienamus,
801 685 917 744 tamdiu
931 685 1102 746 antichristi
1112 687 1222 764 jugum

106 815 166 855 non
197 796 395 870 excutiemus,
426 815 483 855 nec
515 813 533 854 a
561 794 665 871 poenis
688 795 752 868 ejus
773 792 976 853 liberabimur.
1019 794 1051 853 Si
1071 813 1141 855 vero
1162 796 1222 854 Do·

26 983 30 993 ⁸
107 905 205 966 minus
230 924 283 982 por
314 905 445 982 gratiam
476 907 507 963 et
527 905 624 964 lucem
646 921 731 962 suam
753 921 818 962 eam
838 903 925 962 nobis
946 903 1061 979 aperire
1081 904 1223 980 dignatus

105 1014 210 1088 fuerit,
244 1014 449 1074 aberrationes
480 1016 599 1073 nostras
630 1032 691 1072 non
720 1013 817 1072 solum
837 1013 869 1071 in
889 1012 978 1072 rebus
999 1011 1222 1086 ecclesiasticis,

105 1124 155 1183 sed
177 1123 269 1184 etiam
293 1123 324 1181 in
346 1123 480 1209 politicis
499 1140 693 1199 agnoscemus
717 1141 751 1180 ac
772 1121 963 1198 corrigemus.
1004 1121 1150 1198 Deinceps
1170 1141 1224 1197 per

107 1253 279 1294 communes
312 1252 413 1309 preces
445 1234 481 1292 de
509 1233 555 1291 die
576 1232 708 1292 indiam
729 1234 946 1292 statuererum
967 1234 1140 1291 nostrarum
1161 1250 1224 1290 me·

104 1341 163 1401 lior
196 1342 312 1402 evadet.
365 1341 430 1401 Hoc
461 1344 497 1400 ut
527 1341 582 1401 fiat
602 1340 765 1399 Dominum
785 1343 923 1400 nostrum
944 1340 1049 1400 Jesum
1072 1337 1224 1400 Christum
1309 1365 1313 1373 ¹

106 1470 208 1525 regem
229 1450 315 1508 illum
335 1449 392 1508 Dei
412 1449 445 1508 in
466 1449 570 1510 divina
590 1449 688 1527 gloria
708 1452 739 1508 et
760 1437 889 1508 essentia
909 1448 1035 1524 supplex
1055 1467 1124 1523 oro,
1146 1450 1224 1525 ejus·

104 1577 163 1634 que
182 1559 299 1636 gratiae
315 1562 346 1618 et
359 1552 580 1618 misericordiae
594 1578 650 1619 nos
665 1577 766 1618 omnes
780 1558 907 1618 demisso
922 1558 1022 1618 animo
1037 1559 1221 1619 commendo.

103 1666 141 1726 In
163 1685 197 1725 eo
219 1667 311 1726 etiam
331 1668 426 1730 vivite
447 1671 477 1728 ct
497 1668 605 1729 valete.

152 1776 250 1836 Datae
271 1777 366 1853 pridie
389 1775 536 1846 colendas
557 1777 739 1854 Septembris
761 1777 847 1837 1584.

110 2437 160 2495 86.
356 2453 520 2496 numerous
541 2454 699 2498 eoeneum
720 2455 805 2496 s1xro
826 2455 845 2495 a
866 2454 996 2496 uacans.

690 2645 910 2720 Lceuwarden‚
929 2647 969 2706 24
991 2645 1072 2723 Sept.
1097 2644 1183 2705 1584.

148 2877 207 2937 Pro
239 2881 331 2954 typo,
365 2881 401 2938 ut
432 2879 504 2952 scis,
537 2882 568 2939 te
599 2879 767 2940 discedente
799 2881 837 2940 ad
866 2885 1027 2959 cognatum
1050 2880 1226 2959 Comminga

110 2987 179 3046 dedi
212 2987 330 3061 literas,
362 2990 413 3048 scd
433 3009 608 3066 responsum
629 2991 726 3050 adhuc
748 2995 870 3066 expecto
891 2991 1071 3052 avidissime.
1112 2989 1172 3049 Ubi
1193 2989 1226 3049 in

112 3095 306 3156 Hollandiam
336 3099 451 3159 rediero
484 3100 578 3176 (quod
607 3120 687 3160 nunc
711 3100 796 3162 brevi
818 3102 954 3161 futurum
977 3104 1075 3178 spero)
1098 3099 1225 3162 secundo

112 3225 179 3264 eum
201 3207 378 3267 eonomine
400 3208 595 3285 compellabo.
637 3207 757 3268 Interea
777 3228 795 3268 a
816 3209 936 3269 domino
958 3209 1076 3268 Altada
1096 3209 1156 3267 alia
1179 3210 1226 3267 at·

113 3333 169 3390 quc
190 3315 252 3373 alia
275 3315 373 3376 adbuc
394 3317 506 3392 scripta
528 3317 643 3398 accepi,
668 3318 863 3377 »medicinam
884 3318 1061 3378 caelestem''
1084 3336 1102 3376 a
1122 3317 1226 3376 multis

114 3423 200 3482 annis
232 3425 270 3482 ab
303 3424 480 3486 Andcrnaco
502 3427 616 3486 medico
637 3427 703 3503 piae
724 3427 884 3486 memoriae
905 3426 1058 3487 latinitate
1079 3425 1228 3485 redditam

114 3533 254 3609 typisque
280 3552 435 3609 excusam,
466 3555 546 3596 nune
571 3555 642 3597 vero
665 3555 683 3594 a
704 3537 824 3595 domino
846 3535 965 3596 Albada
988 3536 1116 3597 revisam
1137 3539 1228 3613 atque
1290 3571 1293 3578 ·

114 3643 152 3701 ad
173 3643 376 3719 germanicum
397 3645 592 3722 archetypum
614 3647 820 3719 emendatam,
841 3645 915 3706 item
940 3645 1153 3706 »christianum
1174 3645 1227 3706 bo·

113 3751 243 3811 minem''
267 3741 390 3829 abipso
413 3755 532 3814 domino
555 3755 673 3814 Albada
692 3754 838 3814 latinitati
861 3755 1018 3830 denatum,
1040 3755 1110 3814 huic
1130 3755 1228 3831 prefa-

113 3860 227 3920 tionem
258 3860 296 3917 ad
327 3861 481 3922 ministros
509 3862 698 3922 ecclesiarum
721 3863 834 3922 Frisios
857 3863 1005 3938 praefixit.
1047 3863 1092 3922 Do
1113 3863 1169 3922 hoe
1192 3862 1229 3921 li·

113 3969 192 4027 bello
225 3969 257 4028 in
287 3970 360 4028 baec
392 3971 484 4031 verba
515 3972 553 4030 ad
577 3991 623 4030 me
645 3972 769 4032 scribit:
794 3971 912 4030 »Habes
934 3972 983 4032 hic
1002 3971 1138 4030 libellum
1159 3991 1229 4033 vere

115 4096 240 4138 aureum
271 4100 359 4156 quem
390 4081 526 4157 promisi,
561 4082 633 4141 olim
664 4100 683 4140 a
710 4100 757 4140 me
782 4081 948 4140 translatus
970 4080 1044 4152 fuit,
1067 4082 1117 4140 sed
1138 4081 1229 4139 aliam

115 4206 196 4246 nunc
229 4189 345 4264 accepit
375 4189 491 4248 faciem.
544 4188 624 4265 Opto
655 4189 712 4249 tibi
744 4194 775 4250 et
807 4190 873 4250 aliis
901 4190 974 4266 piis,
996 4193 1032 4248 ut
1052 4189 1084 4248 in
1104 4191 1230 4268 legendo

115 4296 168 4356 illo
199 4300 317 4357 tantam
351 4299 534 4359 suavitatem
566 4298 736 4376 accipiatis,
760 4302 904 4375 quantam
925 4317 979 4376 ego
1001 4299 1101 4376 gratia
1123 4298 1179 4357 Dei
1199 4298 1232 4357 in

117 4406 292 4484 corrigendo
324 4407 421 4467 sontii.
474 4405 577 4466 Habeo
609 4407 706 4467 adhuc
738 4408 882 4484 quosdam
903 4408 978 4467 alios
999 4407 1179 4478 translatos,
1202 4410 1233 4466 et

116 4514 216 4589 plures
238 4517 368 4578 libenter
388 4518 586 4591 transferam,
602 4517 627 4577 ei
644 4521 748 4596 gratos
763 4517 846 4577 vobis
863 4536 926 4577 csse
941 4535 1118 4596 cognovero.
1147 4514 1231 4591 Rogo

117 4627 219 4684 autem
233 4629 278 4701 tc,
299 4647 338 4687 ne
357 4647 485 4705 usquam
505 4646 614 4687 nomen
635 4628 699 4703 ejus
721 4627 835 4698 deleas3
858 4645 927 4684 narn
949 4627 1049 4686 estin
1070 4625 1231 4701 conspectu
