3020 5360
515 563 672 606 annnnaro
693 563 824 606 acanus.
1170 543 1226 603 127

105 730 159 805 jus
179 747 278 788 meum
300 728 406 786 eontra
427 743 546 784 omnem
569 724 714 801 pietatem
735 727 766 784 et
788 723 971 800 aequitatem
992 723 1104 798 pereat.
1146 721 1226 780 Reli·

108 854 185 914 quas
206 834 367 911 epistolas,
389 852 463 909 quas
486 833 558 892 olim
579 832 637 892 tibi
658 832 782 908 promisi
802 832 840 891 ad
862 830 1051 891 Dominioum
1069 829 1227 890 aBurma·

105 945 158 1003 nie
189 940 363 1014 transmisi,
396 940 447 1017 qui
480 939 618 999 Harlemi
641 941 713 1017 agit.
754 939 909 1002 Inveniam
930 939 1062 998 medium
1082 940 1229 1015 quomodo

104 1050 176 1111 inde
208 1069 258 1110 eas
288 1047 397 1108 habere
436 1049 566 1124 poteria,
597 1049 655 1108 nisi
687 1049 789 1125 praelo
823 1047 861 1108 ab
882 1048 986 1108 amieis
1006 1047 1058 1124 qui
1078 1047 1120 1106 ibi
1141 1049 1231 1123 sunt,

104 1158 349 1219 committantur.
401 1158 481 1216 Bene
514 1158 581 1219 vale
615 1157 662 1218 vir
689 1156 897 1216 amantissime
918 1175 980 1215 nna
1000 1175 1068 1216 oum
1088 1173 1179 1214 uxore
1201 1157 1232 1214 et

103 1266 219 1326 liboris.
271 1266 316 1325 De
350 1265 539 1324 adolescente
570 1265 622 1323 illo
656 1264 822 1338 Cuenders,
853 1265 903 1325 vel
935 1263 962 1324 si
982 1264 1115 1340 quisset
1135 1263 1231 1322 adhue

103 1374 186 1434 alius
206 1373 302 1451 magis
322 1371 465 1447 idoneus,
485 1372 616 1432 rescribe
639 1373 712 1430 mihi
729 1391 820 1447 quam
835 1371 980 1432 citissime
993 1371 1116 1448 poteris.
1139 1371 1231 1441 Quin·

103 1483 200 1542 etiam
222 1483 302 1559 apud
323 1502 370 1542 me
390 1483 552 1541 habiturus
574 1484 620 1542 est
642 1481 819 1557 servitium,
842 1481 893 1541 sed
915 1499 989 1557 opus
1010 1480 1104 1540 habeo
1119 1480 1232 1557 aliquo»

104 1592 161 1668 qui
180 1593 255 1652 bene
278 1592 397 1670 pingit,
429 1592 478 1652 vel
511 1591 563 1668 qui
597 1592 658 1651 tale
680 1591 861 1668 principium
881 1590 913 1650 in
935 1589 1091 1650 scribendo
1112 1589 1228 1667 posuit,

65 1695 70 1702 '
103 1704 143 1760 ut
164 1701 250 1762 brevi
268 1704 400 1778 tempore
423 1719 545 1760 manum
570 1720 656 1760 suam
689 1701 843 1760 meliorem
867 1700 989 1760 reddere
1011 1701 1110 1776 queat.
1152 1700 1230 1759 Item

102 1808 160 1885 qui
191 1808 232 1868 sit
263 1809 302 1867 ad
325 1808 469 1885 pietatem
502 1812 533 1868 et
555 1808 702 1868 virtutem
723 1807 874 1884 proclivis.
917 1806 1010 1884 Cupio
1031 1807 1128 1884 prima
1148 1827 1227 1868 oom-
1268 1799 1270 1804 ¹

102 1915 197 1975 moda
217 1917 443 1993 opportunitate
462 1920 625 1994 cognatum
639 1936 739 1976 meum
750 1916 789 1993 1),
801 1916 853 1993 qni
863 1936 943 1977 nune
957 1917 1031 1974 mihi
1044 1916 1149 1975 famuli
1161 1916 1226 1976 loeo

102 2027 170 2097 est,
200 2024 233 2084 in
265 2023 395 2084 Calliam
427 2024 575 2103 ablegare.
618 2025 736 2085 Iterum
762 2025 828 2085 vale
850 2023 884 2085 in
905 2043 956 2098 ee,
978 2025 1030 2102 qui
1050 2044 1104 2085 nos
1123 2023 1229 2085 dilexit

103 2132 229 2192 Christo
252 2134 377 2192 Domino
399 2137 430 2193 et
450 2133 514 2193 Deo
535 2136 653 2194 nostro.

149 2241 358 2316 Franooiurti,
381 2241 519 2302 Calendis
541 2242 655 2320 Aprilis
678 2243 764 2303 1583.

883 2351 965 2411 Tuus
988 2372 1023 2410 ex
1044 2351 1144 2411 animo

571 2742 761 2754 ——-—-——

107 2957 160 3016 74.
418 2956 466 3013 Er
486 2955 629 3014 liteu's'ad
649 2973 828 3017 nonnarum
848 2961 931 3017 durio.

151 3190 337 3250 Wormatiao
358 3183 503 3249 aulrilium
528 3189 651 3249 electori
664 3187 832 3249 Coloniensi
850 3191 888 3249 ab
903 3191 1041 3252 omnibus
1057 3193 1231 3252 Protestan-

107 3300 194 3360 tibus
225 3301 400 3360 aonolusum
430 3301 492 3371 est,
524 3301 555 3359 et
585 3302 749 3375 apparatus
776 3301 872 3377 major
897 3303 958 3372 eet,
982 3320 1072 3378 quam
1092 3303 1229 3378 putatur.

110 3410 179 3480 Qua
200 3410 235 3468 de
258 3429 291 3468 re
312 3409 386 3469 alias
406 3408 519 3483 lacius,
534 3427 595 3468 non
617 3408 717 3467 minus
737 3408 816 3466 enim
838 3409 992 3469 commode
1014 3409 1119 3487 Spirae
1139 3411 1177 3470 ad
1191 3413 1231 3484 te,

111 3533 206 3592 quam
238 3515 379 3577 Coloniae
412 3516 539 3576 seribere
560 3519 674 3593 potero.
716 3516 759 3576 Ex
786 3518 842 3576 hoe
862 3516 940 3576 bello
961 3517 1039 3578 forte
1059 3519 1173 3596 aliquid
1194 3520 1232 3578 ad

111 3643 170 3685 nos
191 3625 263 3684 boni
285 3625 481 3698 redundabit,
505 3644 599 3701 quare
620 3627 651 3685 et
671 3627 805 3685 nostram
826 3625 957 3701 patriam
973 3629 1004 3686 et
1016 3622 1147 3703 reliquas
1161 3645 1234 3703 qno·

115 3753 176 3811 que
197 3734 371 3810 prouincias
392 3738 527 3811 optarem
550 3737 632 3796 lente
664 3737 711 3810 (tu
731 3735 788 3795 seis
809 3752 869 3811 qua
888 3734 920 3794 in
940 3737 984 3811 re)
1006 3735 1161 3813 progredi,
1182 3735 1236 3794 do·

112 3860 171 3902 nee
203 3846 383 3920 appareret,
412 3865 471 3921 quo
501 3846 649 3906 Dominus
671 3846 726 3906 hoe
746 3845 859 3904 bellum
879 3841 1047 3904 directurus
1068 3845 1117 3905 sit.
1158 3845 1238 3904 Tan·

112 3969 208 4027 quam
240 3970 293 4028 per
324 3954 478 4029 speculum
508 3955 670 4032 praevideo
691 3953 819 4030 aliquid,
840 3953 891 4013 sed
912 3954 992 4028 quod
1012 3952 1146 4013 nondum
1166 3973 1236 4030 apo·

113 4058 178 4118 rire
199 4061 306 4121 audeo,
347 4061 447 4138 Hujus
474 4082 575 4124 morae
596 4063 754 4124 eonsilium
776 4063 802 4122 si
822 4062 867 4122 ita
888 4061 945 4122 tibi
965 4061 1103 4135 videtur,
1124 4063 1236 4138 poteris

113 4170 163 4231 vel
184 4170 315 4245 praesidi
339 4171 473 4248 Aysma,
495 4173 545 4233 vel
565 4173 656 4234 alieni
678 4193 714 4233 ex
734 4173 838 4233 amieis
859 4171 920 4232 tuis
934 4170 1163 4232 communicare.
1177 4173 1235 4232 ete.

112 4278 230 4338 Datum
249 4281 286 4338 nt
305 4298 406 4355 supra.

580 4535 770 4548 ,ἡ

155 4685 181 4746 1)
217 4683 389 4736 Vormuthlich
407 4685 447 4735 ein
465 4685 580 4750 Mitglied
601 4685 643 4735 der
661 4683 761 4736 Familia
781 4682 885 4733 Wiarda.
