3020 5360
506 545 664 587 emanare
683 519 813 586 somus.
1157 520 1217 585 139

101 725 170 782 pure
195 706 316 782 quidem
338 724 401 766 esse
421 705 542 766 videtur
560 704 742 765 salutaribus
765 703 899 764 consiliis
919 722 954 763 ao
967 722 1036 764 eum
1055 704 1214 764 voluntate

101 813 157 884 Dei
187 815 357 891 conjunctis
383 814 568 892 aequieseere
584 803 742 886 soluerit,
762 816 799 872 ut
818 813 895 871 nihil
914 812 1066 887 divinum,
1088 829 1125 872 ex
1149 812 1213 872 Deo

102 923 217 982 sufficet
235 923 316 999 ipso,
337 924 370 983 in
392 923 574 1000 theologiam
596 942 682 982 suam
703 922 870 998 recipiunt,
891 921 936 981 ita
956 921 1082 981 oonsilio
1095 940 1214 1001 quoque

102 1031 235 1091 burnana
267 1036 354 1106 sunt,
384 1033 441 1092 hoo
465 1035 527 1092 est:
558 1033 648 1091 mala.
699 1031 877 1091 Misereatur
896 1032 994 1092 nostri
1014 1031 1163 1092 Dominus
1184 1033 1215 1090 et

102 1143 235 1222 undique
255 1163 309 1204 nos
329 1163 347 1202 a
366 1143 447 1202 Malo
467 1143 520 1201 illo
541 1143 664 1221 ejusque
683 1141 831 1200 ministris
853 1141 979 1214 liberet,
999 1141 1120 1200 illorum
1135 1159 1215 1215 vero,

102 1254 154 1332 qui
174 1254 348 1332 ignorantia
369 1255 510 1328 peceant,
533 1271 648 1311 errores
669 1254 736 1310 tum
762 1251 897 1327 ipsismet
920 1254 988 1310 tum
1012 1251 1079 1310 aliis
1099 1251 1215 1329 aperiat

103 1365 133 1420 et
155 1363 297 1440 corrigat.
339 1361 372 1420 Si
396 1361 508 1436 scripta
528 1360 582 1418 illa
605 1359 673 1420 aliis
686 1360 861 1433 ostendisti,
880 1379 942 1420 non
955 1360 1127 1438 gravaberis
1141 1360 1216 1420 mihi

102 1472 285 1550 significare,
305 1471 377 1546 quid
397 1470 434 1528 de
454 1470 492 1528 iis
514 1469 658 1528 sentiant.
699 1468 782 1528 Haeo
800 1470 888 1560 ¹satis.
929 1469 958 1528 A
977 1469 1073 1529 nobili
1092 1469 1131 1529 ab
1146 1469 1214 1532 Old.

102 1582 154 1640 diu
186 1582 285 1641 nullas
316 1581 417 1656 accepi
445 1580 557 1640 literas.
610 1581 756 1639 Dominus
778 1599 796 1638 a
817 1579 950 1657 Knipens
971 1585 1042 1642 ante
1061 1580 1216 1641 biennium

101 1691 177 1750 mihi
196 1691 304 1753 bovem
321 1691 476 1767 promisit,
490 1691 516 1750 is
530 1691 605 1749 mihi
618 1690 780 1750 admodum
792 1709 874 1749 nune
886 1693 993 1768 gratus
1007 1692 1094 1750 esset.
1117 1689 1216 1761 Quare

12 1847 13 1878 p
102 1801 128 1858 si
148 1800 300 1878 ‘incideris
331 1801 364 1860 in
385 1800 581 1861 secretalium
602 1800 667 1876 ejus
688 1799 894 1874 Rheidanum,
915 1803 952 1859 ut
970 1820 1039 1860 enm
1060 1800 1142 1861 illius
1162 1801 1215 1860 ad-

102 1928 241 1981 moneas,
273 1929 342 1968 eum
365 1909 513 1968 modestia
536 1913 652 1982 tamen,
674 1927 756 1986 rogo.
799 1906 893 1984 Gupio
914 1908 994 1968 enim
1017 1909 1128 1970 iterum
1148 1929 1217 1986 pro·

100 2020 199 2096 priam
223 2018 369 2076 familiam
389 2019 477 2078 alere.
529 2018 605 2078 Cum
625 2019 764 2079 dominus
784 2017 869 2078 Holt.
890 2019 1046 2096 proprium
1066 2020 1105 2079 ad
1126 2039 1216 2098 gene·

100 2148 203 2189 rosum
233 2129 373 2188 comitem
403 2129 548 2188 nuncium
581 2129 704 2188 mittere
727 2129 835 2202 vellet,
864 2132 986 2205 aeeepto
1008 2130 1122 2190 calamo
1142 2131 1215 2190 haee

12 2239 13 2280 ἶ
99 2258 198 2314 pauca
229 2238 361 2300 exaravi.
412 2239 530 2298 Mecum
561 2239 664 2298 omnia
694 2239 885 2300 mediocriter
904 2242 986 2300 sunt.
1026 2241 1076 2301 Ita
1100 2241 1215 2301 confido

102 2350 195 2408 etiam
216 2349 316 2408 tecum
337 2367 409 2408 esse.
452 2347 671 2425 Occupationes
696 2368 780 2409 meae
802 2353 873 2409 sunt
894 2352 1016 2410 tantum
1035 2351 1072 2410 de
1097 2350 1216 2412 Christo

101 2458 250 2532 Domino,
280 2459 403 2534 ejusque
432 2477 533 2535 regno.
577 2457 710 2519 Subinde
732 2460 888 2520 eonsilium
910 2460 1032 2536 aliquod
1053 2479 1073 2520 a
1092 2480 1140 2520 me
1163 2481 1216 2538 pe-

12 2543 13 2550 *
100 2569 196 2628 titur:
228 2567 302 2625 Inde
323 2569 477 2643 uteunque
497 2587 545 2625 me
566 2568 701 2629 sustineo
722 2587 791 2629 eum
812 2569 865 2645 iis,
893 2588 970 2645 quae
991 2571 1146 2646 er'patria
1166 2589 1216 2630 ae·

101 2678 190 2753 cipio.
241 2675 337 2736 Filius
367 2695 451 2736 meus
473 2676 627 2738 Basilaeae
648 2680 710 2750 est,
731 2678 851 2739 habitat
871 2698 940 2739 oum
961 2680 1090 2757 quodam
1110 2679 1216 2756 Gallo,

101 2787 150 2846 cui
171 2804 282 2845 nomen
302 2788 348 2846 est
369 2784 474 2860 Curio,
497 2785 535 2845 ab
556 2805 590 2845 eo
610 2788 747 2846 nonnihil
767 2789 801 2847 in
824 2789 929 2866 lingua
950 2788 1066 2850 Gallica
1079 2790 1216 2880 institui·

12 2901 13 2922 ¹
100 2901 162 2957 tur.
215 2895 262 2956 Ob
291 2895 426 2971 pericula
456 2898 488 2954 et
518 2899 676 2972 corruptos
700 2916 812 2970 mores,
844 2898 897 2972 qui
917 2897 1028 2976 ubique
1048 2902 1135 2977 sunt,
1154 2918 1217 2961 non

12 3011 13 3038 ³
100 3008 198 3067 audeo
231 3026 300 3065 eum
325 3005 445 3084 longius
470 3003 618 3082 ablegare.
658 3005 728 3065 Jam
752 3009 842 3082 aptus
862 3008 910 3066 est
930 3007 968 3066 ad
987 3009 1114 3086 madum
1138 3011 1217 3070 aoei-

100 3117 263 3196 piendum,
294 3116 365 3175 lieet
393 3117 492 3174 aetate
525 3115 659 3174 nondum
690 3115 732 3176 sit
765 3115 802 3174 18
824 3135 981 3177 annorum.
1023 3119 1148 3180 Statura
1168 3141 1215 3180 me

101 3225 163 3286 fere
192 3226 344 3303 aequavit.
395 3224 433 3285 In
464 3223 625 3285 Germania
648 3226 750 3284 omnia
771 3227 868 3285 adhue
889 3227 992 3303 quieta
1012 3232 1094 3289 sunt.
1135 3230 1216 3290 Bene

100 3337 169 3396 vale
191 3337 240 3396 vir
261 3334 466 3394 amantissime
486 3335 519 3393 in
540 3353 590 3407 eo,
612 3335 664 3410 qui
684 3353 739 3394 nos
760 3335 880 3407 dilexit,
903 3333 1023 3396 Christo
1043 3337 1172 3399 Domino
1186 3343 1217 3401 et

100 3444 166 3504 Deo
187 3450 311 3519 nostro,
332 3445 419 3503 uxori
439 3448 471 3504 et
490 3445 594 3504 liberis
616 3464 734 3505 omnem
755 3465 834 3504 ame
848 3447 976 3506 salutem
990 3450 1022 3506 et
1035 3466 1176 3509 amorem.

140 3556 268 3632 Raptim
289 3552 430 3638 Coloniae
453 3554 490 3612 10
513 3553 595 3630 Sept.
620 3555 707 3614 1584.
728 3554 772 3614 St.
793 3554 831 3612 V.

880 3663 963 3724 'l'uus
983 3683 1020 3725 ex
1038 3666 1139 3727 animo

962 3773 1000 3835 A.
1020 3773 1059 3835 A.
