3020 5360
23 2129 25 2168 1

23 2173 25 2238 l

547 539 588 581 en
609 538 741 581 irenen.
1158 523 1197 592 89

23 697 24 702 ’
131 695 248 776 Siquid
267 695 359 756 habes
380 696 412 756 in
433 715 491 776 quo
513 717 560 757 me
581 716 670 774 super
690 697 757 757 istis
778 697 924 758 consolari
944 697 1057 774 possis,
1078 699 1142 776 ejus
1160 701 1198 758 ut

97 824 137 866 me
157 800 313 865 certiorem
333 795 445 879 facias,
464 823 650 881 summopere
670 823 752 884 rogo.
795 804 854 876 Qui
874 823 1027 867 successus
1053 806 1086 867 in
1105 799 1196 867 Flan-

95 913 152 972 dria
171 932 239 973 eum
260 910 348 973 Gallo
368 913 487 973 futurus
507 915 565 987 sit,
586 914 714 974 'Pomaci
735 915 784 976 vel
804 914 943 976 liberatio
969 915 1019 977 vel
1040 915 1196 992 occupatio

94 1021 203 1101 aliquod
234 1021 380 1082 indicium
411 1021 505 1082 dabit.
554 1022 718 1082 Miseratur
738 1022 819 1084 Deus
839 1024 962 1084 tandem
981 1023 1086 1085 nostri.
1127 1023 1196 1085 Uti·

23 1135 27 1146 '
92 1149 152 1190 uam
173 1129 266 1208 Cynos
286 1132 406 1190 nostros
427 1130 601 1191 habeamus.
642 1131 735 1191 Plura
755 1151 816 1193 uon
837 1133 924 1193 addo.

124 1239 233 1300 Datum
255 1238 411 1317 Coloniae,
433 1239 528 1316 pridie
550 1239 1002 1303 CalendasDeeembris'158l.

544 1891 585 1932 AD
608 1891 741 1934 AYSMAM.

792 2111 890 2204 Kdln,
913 2111 951 2172 17
973 2112 1044 2172 Dea.
1066 2112 1154 2173 1581.

23 2375 24 2390 .
122 2343 262 2406 Salutem.
313 2346 418 2407 Novus
450 2345 499 2405 lric
529 2347 682 2423 peditatus
713 2349 744 2407 et
775 2309 928 2426 equitatus
959 2350 1113 2429 colligitur
1138 2371 1191 2428 per

86 2452 318 2534 Arenburgicum
346 2458 377 2515 et
404 2455 504 2516 nescio
527 2475 601 2533 quos
622 2457 711 2532 alios,
733 2458 785 2534 qui
806 2478 860 2536 pro
881 2461 963 2520 certo
985 2460 1064 2520 eirca
1086 2459 1192 2520 Galen·

86 2563 134 2622 das
158 2565 314 2624 Februarii
336 2565 437 2642 parati
458 2568 563 2639 erunt,
587 2565 709 2642 quidam
730 2567 822 2627 etiam
843 2568 943 2628 citius.
984 2568 1121 2632 Indictue
1147 2571 1193 2630 est

86 2677 244 2734 conventus
263 2673 386 2751 Imperii
408 2674 487 2734 eirca
507 2673 650 2749 Laetare,
672 2695 707 2735 ex
728 2696 787 2752 quo
811 2677 904 2737 etiam
927 2678 1005 2738 nihil
1027 2678 1101 2738 boui
1124 2697 1191 2754 spe·

84 2782 222 2858 randum,
243 2785 403 2860 postquam
424 2783 563 2862 Belgium
583 2784 615 2842 in
637 2802 703 2843 eam
724 2787 841 2860 partem
862 2805 892 2844 se
913 2785 1121 2846 declaraverit.
1142 2785 1192 2846 An

83 2893 158 2950 recte
187 2912 225 2952 an
249 2893 327 2952 male
358 2894 394 2952 de
415 2911 449 2953 eo
469 2892 527 2952 tibi
548 2892 619 2952 olim
640 2893 743 2970 scripsi
763 2913 864 2954 meum
884 2897 1017 2968 metum,
1034 2898 1191 2981 xuteunque

84 2999 137 3074 sit,
156 3001 209 3062 hoc
230 3001 334 3074 vidae,
356 3020 404 3061 res
425 3004 546 3061 nostras
566 3001 677 3077 ubique
697 3001 832 3061 locorum
853 3003 897 3062 sic'
910 3022 973 3062 esse
987 3005 1189 3080 constitutas,

81 3110 113 3168 ut
144 3107 272 3171 hnmano
301 3110 417 3186 judicio
439 3110 579 3188 graviora
599 3111 712 3186 adhuc,
734 3131 824 3188 quam
845 3131 922 3187 quae
942 3113 1088 3172 hactenus
1109 3113 1191 3189 passi

83 3235 192 3295 sumus,
210 3219 399 3279 immineant.
443 3217 577 3295 Oumquo
597 3220 629 3279 in
650 3219 713 3278 dies
734 3219 829 3297 magis
851 3237 885 3279 ao
899 3219 996 3298 magis
1010 3220 1110 3297 palam
1124 3220 1187 3294 fiat,

85 3329 275 3401 quantumin
295 3328 467 3389 hominibus
490 3328 552 3406 spei
575 3332 667 3406 atque
689 3330 793 3388 auxilii
814 3331 985 3406 ponendum
1007 3329 1063 3403 sit,
1084 3349 1103 3390 a
1124 3330 1188 3389 solo

84 3433 140 3497 Deo
160 3441 316 3515 expectare
340 3457 444 3517 cogor,
465 3439 544 3498 unde
565 3438 615 3498 ille
635 3439 844 3499 liberationem
855 3419 961 3520 ’nostri
980 3440 1190 3517 auspicaturus

23 3557 28 3570 ·
85 3546 127 3607 sit.
170 3547 353 3625 Quacumque
373 3547 407 3607 in
426 3550 512 3624 parte
532 3547 679 3625 pontificii
700 3550 747 3609 vel
772 3568 858 3626 pares
879 3552 967 3611 erunt
987 3550 1036 3610 vel
1056 3549 1190 3626 superio-

84 3672 139 3730 res,
169 3657 212 3716 ibi
243 3657 370 3717 defectio
390 3658 552 3716 metuenda
573 3660 635 3732 est,
652 3659 736 3734 justo
755 3658 832 3718 forte
853 3658 911 3718 Dei
927 3659 1042 3736 judicio
1062 3661 1129 3718 tum
1152 3659 1190 3718 ab

83 3782 152 3840 una,
172 3769 239 3826 tum
260 3765 299 3825 ab
320 3766 417 3826 altera
437 3769 533 3844 parto.
583 3767 823 3843 Bellumquesic
843 3787 923 3827 nune
942 3767 1082 3846 apparari
1103 3785 1122 3826 a
1142 3787 1190 3828 re·
1215 3775 1218 3780 '

83 3873 133 3949 giis
163 3874 304 3950 videtur,
334 3877 371 3934 ut
402 3895 598 3953 unaquaeque
629 3876 785 3952 provincia
809 3877 884 3936 satis
911 3877 1026 3955 negotii
1046 3875 1189 3937 habitura

83 3986 136 4060 est,
158 3984 184 4044 si
205 4003 235 4044 se
256 3983 354 4061 ipsam
375 3985 518 4047 adversus
539 3986 639 4045 hostes
660 4003 729 4044 suos
749 3985 829 4044 tueri
850 3984 978 4061 poterit,
998 4002 1060 4044 non
1079 3986 1189 4044 utana

23 4125 24 4160 3
82 4091 164 4152 alteri
195 4093 327 4153 multum
359 4093 424 4169 opis
453 4094 584 4154 allatura
608 4094 657 4154 sit.
698 4093 797 4170 Hujus
818 4113 871 4155 vos
890 4093 1061 4152 meminisse
1085 4093 1188 4171 velim,

82 4204 166 4280 atque
192 4203 335 4280 quicquid
355 4204 490 4281 suppetit
513 4203 599 4264 vobis
620 4203 758 4280 inprimis
782 4203 815 4263 in
838 4203 868 4266 id
895 4202 1044 4292 conferre,
1065 4205 1102 4262 ut
1115 4203 1189 4263 fines

23 4299 24 4312 .
83 4313 170 4391 vestri
201 4312 312 4388 ubique
343 4311 419 4371 bene
447 4311 573 4386 muniti,
605 4314 636 4371 et
667 4313 836 4371 commeatu
856 4309 1023 4370 necessario
1047 4308 1190 4370 instructi

84 4417 147 4480 sint.
189 4419 344 4493 Breviter,
366 4421 446 4498 quod
471 4421 503 4480 in
524 4420 621 4480 literis
642 4419 730 4492 meis,
752 4436 827 4496 quas
849 4419 888 4478 ad
909 4417 1044 4477 dominos
1065 4417 1191 4493 deputa

84 4527 127 4588 tos
151 4528 191 4588 14
211 4520 369 4606 praeteriti
389 4529 500 4590 mensis
524 4529 599 4588 Julii
620 4530 708 4602 dedi,
729 4528 882 4602 consului,
903 4527 982 4586 idem
1003 4526 1100 4586 adhuc
1121 4544 1191 4586 con-

85 4638 157 4717 sulo,
190 4642 222 4700 et
248 4640 307 4700 nisi
326 4639 372 4700 ita
392 4640 446 4700 fiat
466 4639 598 4720 graviori
614 4637 730 4716 judicio
750 4638 807 4699 Dei
826 4655 882 4698 nos
904 4637 1047 4698 obnoxios
1067 4655 1130 4698 esse
1150 4635 1190 4696 ti-

1092 4745 1111 4808 7
