3020 5360
253 515 311 575 130
670 527 804 572 renerus
824 527 952 570 11111111.

251 714 299 753 me
330 692 474 753 Gandavo
508 691 544 750 31
568 691 658 750 Μ111.
681 691 760 767 stylo
787 707 865 750 novo
890 688 1017 760 dedisti,
1048 705 1098 746 eas
1119 704 1174 763 ego
1194 685 1243 745 hie
1266 684 1374 761 Spirae

252 803 291 861 28
322 801 395 878 Apr.
427 801 507 878 stylo
530 799 625 862 veteri
646 799 777 876 primurn
799 798 907 873 accepi.
949 796 1034 867 Quod
1056 815 1075 856 a
1095 816 1141 855 me
1161 796 1237 856 scire
1257 794 1376 854 deside-

253 929 317 984 ras,
338 909 539 985 periculosum
562 911 609 967 est
629 909 726 967 literis
748 907 946 966 committere.
988 905 1065 976 Quin
1088 908 1119 964 et
1133 924 1179 964 res
1193 904 1231 962 ab
1246 922 1281 964 eo
1295 907 1375 962 tem-

253 1038 341 1096 pore,
361 1034 420 1095 quo
440 1017 546 1075 literae
569 1018 643 1074 11111
664 1015 793 1090 scriptae
815 1016 903 1086 111111,
925 1013 956 1072 in
979 1033 1048 1073 eum
1068 1016 1183 1072 statum
1204 1017 1374 1087 venerunt,

254 1131 290 1187 nt
304 1127 405 1203 justee
425 1127 547 1184 nostrae
569 1123 767 1184 sollicitudini
789 1122 839 1184 vix
863 1123 942 1182 nllus
957 1122 1086 1198 amplius
1101 1123 1183 1182 locus
1198 1121 1249 1180 sit.
1271 1121 1374 1192 Quod·

257 1256 314 1315 que
345 1234 466 1310 majoris
498 1233 595 1292 adbuc
628 1233 772 1293 momenti
806 1235 868 1306 est,
901 1231 955 1290 sub
987 1231 1043 1290 hoc
1075 1231 1130 1289 Dei
1159 1231 1270 1306 judicio
1292 1231 1374 1308 quod

256 1347 362 1405 contra
388 1363 443 1402 nos
470 1346 501 1401 ct
529 1345 628 1402 totum
653 1342 798 1400 mundum
826 1345 963 1418 coeptum
986 1345 1031 1402 est
1052 1342 1148 1401 multe
1168 1341 1257 1418 plura
1276 1359 1306 1399 se
1328 1339 1374 1398 of·

257 1454 374 1526 icrunt,
396 1451 503 1530 quibus
518 1451 715 1526 instruimur,
737 1451 809 1529 quid
830 1451 931 1529 fugere
952 1469 1042 1529 quarn
1064 1451 1136 1530 quid
1158 1449 1298 1527 amplecti
1316 1468 1373 1508 no·

257 1560 303 1620 bis
326 1559 453 1636 expedit.
518 1559 724 1618 Nihilominus
754 1577 815 1618 non
834 1577 953 1634 possum
985 1560 1139 1630 omittere,
1162 1560 1235 1637 quin
1258 1559 1374 1637 aliquid

156 1707 160 1715 -
259 1669 356 1729 literis
377 1669 439 1729 tuis
459 1669 668 1744 respondeum.
711 1668 854 1745 Inprimis
878 1687 948 1729 vero
969 1669 1002 1728 in
1018 1688 1124 1747 genere
1137 1672 1168 1728 te
1183 1670 1258 1728 seire
1271 1670 1374 1742 velim,

259 1782 390 1853 metum,
420 1798 508 1857 quem
530 1778 601 1836 olim
624 1797 659 1836 ex
682 1777 779 1836 literis
800 1778 873 1837 meis
897 1779 1080 1855 cognovisti,
1101 1799 1181 1838 nunc
1203 1750 1374 1856 esse'longe

259 1888 426 1967 graviorem
433 1931 442 1960 ‚
473 1887 626 1963 patefacta
658 1887 690 1945 in
721 1887 778 1945 hoc
808 1887 931 1963 negocio
952 1887 1009 1946 Dei
1029 1888 1193 1948 voluntate.
1234 1889 1270 1948 Id
1294 1890 1376 1969 qnod

259 1997 370 2057 amieos
399 1997 543 2075 quosdam
565 2015 698 2055 summos
721 1996 826 2054 statim
848 1996 1002 2055 intellecto
1022 1996 1075 2056 illo
1097 2016 1168 2057 casu
1187 2016 1248 2057 non
1268 1998 1375 2057 celavi.

261 2105 458 2175 Quamobrem
491 2104 618 2179 primam
651 2103 735 2161 illam
765 2107 896 2163 vestrum
922 2105 1134 2163 resolutionem
1155 2105 1264 2180 probo,
1285 2116 1376 2186 etque

259 2217 376 2276 utinam
400 2215 432 2273 in
453 2233 488 2273 11
508 2213 731 2289 perstitissetis!
765 2211 924 2273 Contraria
944 2214 1044 2290 opinio
1064 2214 1163 2286 illius,
1185 2215 1270 2290 cujus
1292 2235 1376 2304 men·

261 2325 373 2384 tionem
398 2324 472 2383 lacis
495 2343 530 2382 ex
549 2341 608 2401 quo
628 2321 711 2382 fonte
733 2322 905 2399 proveniat,
927 2323 1000 2400 quid
1020 2322 1132 2382 attinet
1151 2323 1307 2395 referrem,
1323 2324 1375 2384 sed

261 2453 316 2493 nec
346 2433 427 2490 illam
450 2431 662 2490 resolutionem
683 2449 812 2509 eousque
833 2433 953 2490 tanturn
977 2430 1086 2507 probo,
1108 2449 1262 2510 quousque
1283 2431 1315 2490 in
1337 2432 1375 2490 li·

261 2542 335 2602 teris
356 2541 417 2600 tuis
440 2540 606 2616 significas,
628 2559 732 2599 verum
753 2541 786 2599 in
799 2543 987 2616 perpetuum.
1028 2539 1077 2598 Ad
1092 2541 1176 2616 cujus
1191 2540 1377 2600 contrarium

263 2651 334 2730 quia
354 2652 385 2708 et
408 2649 482 2709 olim
499 2648 677 2724 patientiam
699 2668 746 2706 me
764 2649 874 2708 habere
895 2649 1047 2725 oportuit,
1070 2651 1270 2727 eventumque
1294 2650 1378 2710 illius

263 2777 411 2819 unacum
433 2757 499 2816 eliis
522 2757 594 2817 viris
615 2757 701 2817 bonis
723 2761 897 2834 expectare,
918 2759 963 2816 ita
984 2762 1015 2818 et
1035 2777 1115 2818 nunc
1137 2759 1163 2818 si
1183 2777 1270 2819 suum
1292 2761 1379 2820 effec-
1409 2770 1413 2775 “

264 2871 330 2928 turn
361 2868 458 2926 denuo
489 2871 704 2946 consequatur,
735 2867 885 2942 patienter
919 2868 1096 2943 expectabo,
1141 2885 1270 2945 quonam
1300 2868 1380 2927 illud

263 2976 409 3036 Dominus
429 2981 533 3053 postea
554 2977 722 3036 directurus
745 2977 797 3036 sit.
837 2975 1039 3037 Nihilominus
1060 2979 1096 3036 de
1119 2978 1201 3037 exitu
1221 2981 1324 3037 manet
1347 2978 1380 3038 in

264 3085 363 3144 animo
385 3105 450 3145 meo
470 3085 550 3144 idem
570 3089 686 3157 metus,
708 3104 796 3162 quem
818 3084 856 3142 ab
878 3083 965 3144 initio
989 3083 1089 3143 habui.
1131 3085 1275 3144 Rationes
1297 3105 1379 3147 meas

265 3213 300 3252 ex
331 3193 480 3269 prioribus
509 3192 606 3252 literis
636 3194 753 3268 repete,
782 3192 821 3250 ad
843 3211 918 3269 quas
937 3193 1051 3252 multae
1072 3193 1149 3252 aliae
1174 3198 1379 3268 accesserunt,

265 3320 339 3381 quas
370 3301 437 3359 aliis
464 3301 566 3359 amicis
590 3301 664 3358 meis
684 3301 749 3376 jam
771 3304 842 3359 ante
867 3301 1094 3362 communicari.
1136 3302 1221 3361 Dabo
1242 3321 1379 3378 operam,

266 3414 302 3470 ut
332 3429 435 3470 earum
456 3411 590 3485 exempla
612 3408 752 3468 tibi-illio
772 3409 1042 3472 communicentur.
1085 3411 1163 3469 Nam
1185 3430 1238 3489 ego
1261 3414 1380 3472 charta-

267 3537 319 3578 111
349 3536 416 3577 mea
437 3517 576 3576 Coloniae
607 3517 725 3592 reliqui.
778 3517 865 3587 Quod
893 3519 1014 3592 scribis,
1036 3519 1101 3578 lieri
1123 3520 1244 3594 debere,
1265 3521 1380 3596 idjam

267 3627 382 3687 facturn
402 3645 465 3685 1111
486 3626 640 3703 intellige,
663 3628 780 3702 dequo
805 3627 911 3687 laetor.
953 3628 1122 3705 Principale
1148 3629 1212 3690 Deo
1232 3648 1381 3690 commen-

268 3737 339 3795 dare
373 3736 479 3808 debeo,
512 3736 586 3796 satis
618 3737 777 3813 perspicis,
810 3755 870 3813 qno
892 3757 946 3815 ego
967 3738 1117 3798 inclinem.
1159 3739 1307 3803 Ambiunt
1326 3760 1382 3801 nos

268 3845 374 3919 multi,
396 3845 447 3904 sed
468 3864 522 3904 nec
542 3845 640 3904 Deum
662 3865 716 3904 nec
737 3864 792 3904 nos
813 3847 991 3921 respiciunt,
1013 3865 1118 3907 verum
1138 3866 1170 3906 11
1189 3848 1278 3924 ipsos.
1319 3849 1383 3910 Ita·

269 3975 326 4030 que
353 3955 467 4014 frustra
493 3955 530 4014 iis
558 3956 749 4026 confidimus,
783 3973 850 4013 cum
878 3974 909 4014 se
941 3955 995 4014 Dei
1024 3956 1089 4014 irae
1113 3956 1209 4034 magis
1230 3975 1265 4016 ac
1285 3959 1384 4035 magis
1426 4027 1428 4031 .

270 4064 413 4124 obnoxios
434 4065 569 4124 reddant.
624 4063 718 4139 Cujus
739 4082 847 4122 manus
869 4063 906 4122 ad
928 4063 1137 4140 deprimendos
1159 4065 1235 4124 tales
1256 4065 1289 4124 in
1309 4085 1383 4140 qua·

270 4173 316 4234 vis
335 4177 421 4249 parte
441 4192 502 4233 non
522 4174 560 4232 ad
582 4171 767 4232 extollendos
789 4189 839 4230 eos
861 4176 983 4231 extenta
1005 4176 1068 4246 111,
1099 4176 1130 4233 11
1151 4176 1277 4250 apparet
1298 4173 1384 4234 brevi

271 4282 402 4342 omnium
425 4282 558 4358 partium
579 4279 728 4355 principes
750 4280 861 4357 ubique
882 4285 1029 4340 terrarum
1051 4282 1083 4340 in
1105 4301 1136 4341 se
1156 4287 1263 4342 mutuo
1283 4282 1384 4342 insur-

271 4395 421 4465 recturos,
452 4391 538 4465 cujus
554 4391 618 4464 jam
640 4389 761 4449 initium
783 4390 815 4449 in
835 4390 949 4451 ditione
972 4390 1140 4452 Coloniensi
1160 4395 1299 4468 coeptum
1320 4396 1382 4466 111,

169 4541 171 4546 -
271 4499 351 4575 quod
381 4499 442 4558 talo
473 4516 535 4556 esse
566 4498 713 4572 arbitror,
745 4502 781 4558 ut
802 4502 872 4558 ante
894 4500 957 4575 ejus
976 4500 1047 4558 belli
1068 4500 1157 4559 finem
1179 4501 1228 4562 vix
1249 4500 1382 4576 quietern

271 4608 404 4681 aliquam
424 4606 615 4666 consecuturi
636 4606 747 4681 simus,
778 4626 882 4668 verum
904 4607 1033 4666 durante
1054 4627 1088 4667 eo
1110 4608 1175 4667 fieri
1196 4609 1325 4685 poterit,
1347 4614 1382 4670 ut
