<?xml version="1.0" encoding="UTF-8"?>
<!DOCTYPE html PUBLIC "-//W3C//DTD XHTML 1.0 Transitional//EN"
    "http://www.w3.org/TR/xhtml1/DTD/xhtml1-transitional.dtd">
<html xmlns="http://www.w3.org/1999/xhtml" xml:lang="en" lang="en">
 <head>
  <title>
</title>
<meta http-equiv="Content-Type" content="text/html;charset=utf-8" />
  <meta name='ocr-system' content='tesseract 3.04.00' />
  <meta name='ocr-capabilities' content='ocr_page ocr_carea ocr_par ocr_line ocrx_word'/>
</head>
<body>
  <div class='ocr_page' id='page_1' title='image "./briefedesaggaeu00ackegoog_0122.png"; bbox 0 0 3020 5360; ppageno 0'>
   <div class='ocr_carea' id='block_1_1' title="bbox 487 502 1226 564">
    <p class='ocr_par' dir='ltr' id='par_1_1' title="bbox 487 502 1226 564">
     <span class='ocr_line' id='line_1_1' title="bbox 487 502 1226 564; baseline 0.001 -2"><span class='ocrx_word' id='word_1_1' title='bbox 487 518 529 562; x_wconf 77' lang='lat' dir='ltr'><strong>an</strong></span> <span class='ocrx_word' id='word_1_2' title='bbox 548 517 718 562; x_wconf 79' lang='lat' dir='ltr'><strong>rasusroru</strong></span> <span class='ocrx_word' id='word_1_3' title='bbox 737 517 847 564; x_wconf 77' lang='lat' dir='ltr'><strong>ursus.</strong></span> <span class='ocrx_word' id='word_1_4' title='bbox 1187 502 1226 564; x_wconf 80' lang='grc'><strong>98</strong></span> 
     </span>
    </p>
   </div>
   <div class='ocr_carea' id='block_1_2' title="bbox 106 679 1224 1957">
    <p class='ocr_par' dir='ltr' id='par_1_2' title="bbox 106 679 1224 1957">
     <span class='ocr_line' id='line_1_2' title="bbox 108 679 1224 760; baseline 0.002 -18"><span class='ocrx_word' id='word_1_5' title='bbox 108 682 155 743; x_wconf 92' lang='lat' dir='ltr'><strong>los</strong></span> <span class='ocrx_word' id='word_1_6' title='bbox 168 681 300 760; x_wconf 87' lang='lat' dir='ltr'><strong>aliquos,</strong></span> <span class='ocrx_word' id='word_1_7' title='bbox 314 683 416 743; x_wconf 82' lang='lat' dir='ltr'><strong>metuo</strong></span> <span class='ocrx_word' id='word_1_8' title='bbox 430 683 533 742; x_wconf 87' lang='lat' dir='ltr'><strong>tamen</strong></span> <span class='ocrx_word' id='word_1_9' title='bbox 545 699 583 741; x_wconf 92' lang='lat' dir='ltr'><strong>ne</strong></span> <span class='ocrx_word' id='word_1_10' title='bbox 597 680 670 759; x_wconf 86' lang='lat' dir='ltr'><strong>qnid</strong></span> <span class='ocrx_word' id='word_1_11' title='bbox 683 679 853 758; x_wconf 89' lang='lat' dir='ltr'><strong>proficiam,</strong></span> <span class='ocrx_word' id='word_1_12' title='bbox 867 681 941 744; x_wconf 87' lang='lat' dir='ltr'><strong>adeo</strong></span> <span class='ocrx_word' id='word_1_13' title='bbox 956 700 1057 743; x_wconf 87' lang='lat' dir='ltr'><strong>omnes</strong></span> <span class='ocrx_word' id='word_1_14' title='bbox 1068 681 1100 742; x_wconf 88' lang='lat' dir='ltr'><strong>in</strong></span> <span class='ocrx_word' id='word_1_15' title='bbox 1110 682 1166 744; x_wconf 90' lang='lat' dir='ltr'><strong>hac</strong></span> <span class='ocrx_word' id='word_1_16' title='bbox 1176 701 1224 744; x_wconf 88' lang='lat' dir='ltr'><strong>re·</strong></span> 
     </span>
     <span class='ocr_line' id='line_1_3' title="bbox 108 789 1223 870; baseline 0.002 -20"><span class='ocrx_word' id='word_1_17' title='bbox 108 790 219 870; x_wconf 92' lang='lat' dir='ltr'><strong>ligione</strong></span> <span class='ocrx_word' id='word_1_18' title='bbox 241 791 423 852; x_wconf 86' lang='lat' dir='ltr'><strong>confidentes</strong></span> <span class='ocrx_word' id='word_1_19' title='bbox 444 795 518 852; x_wconf 90' lang='lat' dir='ltr'><strong>sunt</strong></span> <span class='ocrx_word' id='word_1_20' title='bbox 532 791 572 868; x_wconf 90' lang='lat'><strong>1).</strong></span> <span class='ocrx_word' id='word_1_21' title='bbox 599 789 660 850; x_wconf 91' lang='lat' dir='ltr'><strong>Det</strong></span> <span class='ocrx_word' id='word_1_22' title='bbox 673 789 755 850; x_wconf 88' lang='lat' dir='ltr'><strong>Deus</strong></span> <span class='ocrx_word' id='word_1_23' title='bbox 769 793 856 867; x_wconf 91' lang='lat' dir='ltr'><strong>pater</strong></span> <span class='ocrx_word' id='word_1_24' title='bbox 869 810 923 868; x_wconf 93' lang='lat' dir='ltr'><strong>pro</strong></span> <span class='ocrx_word' id='word_1_25' title='bbox 937 810 992 852; x_wconf 89' lang='lat' dir='ltr'><strong>sua</strong></span> <span class='ocrx_word' id='word_1_26' title='bbox 1004 791 1223 868; x_wconf 64' lang='lat' dir='ltr'><strong>misericordia,</strong></span> 
     </span>
     <span class='ocr_line' id='line_1_4' title="bbox 109 899 1222 979; baseline 0.003 -19"><span class='ocrx_word' id='word_1_27' title='bbox 109 903 147 961; x_wconf 93' lang='lat' dir='ltr'><strong>ut</strong></span> <span class='ocrx_word' id='word_1_28' title='bbox 165 900 219 960; x_wconf 89' lang='lat' dir='ltr'><strong>filii</strong></span> <span class='ocrx_word' id='word_1_29' title='bbox 240 900 287 960; x_wconf 91' lang='lat' dir='ltr'><strong>sui</strong></span> <span class='ocrx_word' id='word_1_30' title='bbox 300 900 447 979; x_wconf 76' lang='lat' dir='ltr'><strong>cognitio,</strong></span> <span class='ocrx_word' id='word_1_31' title='bbox 463 919 539 978; x_wconf 85' lang='lat' dir='ltr'><strong>quae</strong></span> <span class='ocrx_word' id='word_1_32' title='bbox 553 900 718 960; x_wconf 86' lang='lat' dir='ltr'><strong>secundum</strong></span> <span class='ocrx_word' id='word_1_33' title='bbox 731 899 879 976; x_wconf 80' lang='lat' dir='ltr'><strong>Spiritum</strong></span> <span class='ocrx_word' id='word_1_34' title='bbox 900 904 961 976; x_wconf 90' lang='lat' dir='ltr'><strong>est,</strong></span> <span class='ocrx_word' id='word_1_35' title='bbox 983 902 1115 979; x_wconf 86' lang='lat' dir='ltr'><strong>apertior</strong></span> <span class='ocrx_word' id='word_1_36' title='bbox 1135 903 1222 963; x_wconf 89' lang='lat' dir='ltr'><strong>nobis</strong></span> 
     </span>
     <span class='ocr_line' id='line_1_5' title="bbox 108 1008 1224 1088; baseline 0 -18"><span class='ocrx_word' id='word_1_37' title='bbox 108 1010 176 1084; x_wconf 89' lang='lat' dir='ltr'><strong>fiat,</strong></span> <span class='ocrx_word' id='word_1_38' title='bbox 196 1013 264 1072; x_wconf 85' lang='lat' dir='ltr'><strong>tum</strong></span> <span class='ocrx_word' id='word_1_39' title='bbox 284 1011 404 1070; x_wconf 90' lang='lat' dir='ltr'><strong>demum</strong></span> <span class='ocrx_word' id='word_1_40' title='bbox 424 1028 584 1088; x_wconf 74' lang='lat' dir='ltr'>agnoscere</span> <span class='ocrx_word' id='word_1_41' title='bbox 606 1009 798 1085; x_wconf 80' lang='lat' dir='ltr'><strong>incipiemus,</strong></span> <span class='ocrx_word' id='word_1_42' title='bbox 820 1028 882 1069; x_wconf 89' lang='lat' dir='ltr'><strong>non</strong></span> <span class='ocrx_word' id='word_1_43' title='bbox 903 1011 1016 1086; x_wconf 89' lang='lat' dir='ltr'><strong>solum,</strong></span> <span class='ocrx_word' id='word_1_44' title='bbox 1037 1008 1116 1070; x_wconf 80' lang='lat' dir='ltr'><strong>unde</strong></span> <span class='ocrx_word' id='word_1_45' title='bbox 1137 1011 1224 1071; x_wconf 90' lang='lat' dir='ltr'><strong>nobis</strong></span> 
     </span>
     <span class='ocr_line' id='line_1_6' title="bbox 107 1118 1223 1196; baseline 0.002 -18"><span class='ocrx_word' id='word_1_46' title='bbox 107 1119 189 1179; x_wconf 78' lang='lat' dir='ltr'><strong>maia</strong></span> <span class='ocrx_word' id='word_1_47' title='bbox 223 1119 285 1179; x_wconf 90' lang='lat' dir='ltr'><strong>ista</strong></span> <span class='ocrx_word' id='word_1_48' title='bbox 315 1137 421 1180; x_wconf 88' lang='lat' dir='ltr'><strong>revera</strong></span> <span class='ocrx_word' id='word_1_49' title='bbox 447 1118 642 1194; x_wconf 88' lang='lat' dir='ltr'><strong>proveniant,</strong></span> <span class='ocrx_word' id='word_1_50' title='bbox 673 1119 855 1194; x_wconf 89' lang='lat' dir='ltr'><strong>sedetiam,</strong></span> <span class='ocrx_word' id='word_1_51' title='bbox 885 1118 1037 1196; x_wconf 83' lang='lat' dir='ltr'>quodnam</span> <span class='ocrx_word' id='word_1_52' title='bbox 1057 1120 1223 1180; x_wconf 88' lang='lat' dir='ltr'><strong>remedium</strong></span> 
     </span>
     <span class='ocr_line' id='line_1_7' title="bbox 107 1226 1223 1304; baseline 0.002 -16"><span class='ocrx_word' id='word_1_53' title='bbox 107 1227 169 1288; x_wconf 91' lang='lat' dir='ltr'><strong>illis</strong></span> <span class='ocrx_word' id='word_1_54' title='bbox 199 1245 236 1287; x_wconf 84' lang='lat' dir='ltr'><strong>ex</strong></span> <span class='ocrx_word' id='word_1_55' title='bbox 265 1226 323 1286; x_wconf 90' lang='lat' dir='ltr'><strong>Dei</strong></span> <span class='ocrx_word' id='word_1_56' title='bbox 353 1227 512 1288; x_wconf 83' lang='lat' dir='ltr'><strong>uoluntate</strong></span> <span class='ocrx_word' id='word_1_57' title='bbox 538 1227 672 1286; x_wconf 77' lang='lat' dir='ltr'><strong>adhiberi</strong></span> <span class='ocrx_word' id='word_1_58' title='bbox 704 1230 856 1304; x_wconf 87' lang='lat' dir='ltr'><strong>oporteat,</strong></span> <span class='ocrx_word' id='word_1_59' title='bbox 877 1228 910 1287; x_wconf 91' lang='lat' dir='ltr'><strong>in</strong></span> <span class='ocrx_word' id='word_1_60' title='bbox 931 1245 989 1304; x_wconf 91' lang='lat' dir='ltr'><strong>quo</strong></span> <span class='ocrx_word' id='word_1_61' title='bbox 1013 1246 1093 1288; x_wconf 88' lang='lat' dir='ltr'><strong>nune</strong></span> <span class='ocrx_word' id='word_1_62' title='bbox 1118 1229 1223 1290; x_wconf 88' lang='lat' dir='ltr'><strong>multis</strong></span> 
     </span>
     <span class='ocr_line' id='line_1_8' title="bbox 107 1334 1221 1414; baseline 0.004 -21"><span class='ocrx_word' id='word_1_63' title='bbox 107 1335 204 1394; x_wconf 87' lang='lat' dir='ltr'><strong>modis</strong></span> <span class='ocrx_word' id='word_1_64' title='bbox 239 1335 420 1396; x_wconf 88' lang='lat' dir='ltr'><strong>aberramus.</strong></span> <span class='ocrx_word' id='word_1_65' title='bbox 470 1334 567 1396; x_wconf 90' lang='lat' dir='ltr'><strong>Venio</strong></span> <span class='ocrx_word' id='word_1_66' title='bbox 599 1334 637 1394; x_wconf 92' lang='lat' dir='ltr'><strong>ad</strong></span> <span class='ocrx_word' id='word_1_67' title='bbox 661 1353 750 1398; x_wconf 86' lang='lat' dir='ltr'><strong>nova.</strong></span> <span class='ocrx_word' id='word_1_68' title='bbox 792 1335 925 1414; x_wconf 82' lang='lat' dir='ltr'><strong>Singulis</strong></span> <span class='ocrx_word' id='word_1_69' title='bbox 945 1335 1008 1396; x_wconf 87' lang='lat' dir='ltr'><strong>fere</strong></span> <span class='ocrx_word' id='word_1_70' title='bbox 1028 1337 1221 1398; x_wconf 82' lang='lat' dir='ltr'><strong>hebdomadis</strong></span> 
     </span>
     <span class='ocr_line' id='line_1_9' title="bbox 107 1440 1223 1520; baseline 0.003 -19"><span class='ocrx_word' id='word_1_71' title='bbox 107 1461 145 1502; x_wconf 83' lang='lat' dir='ltr'><strong>ex</strong></span> <span class='ocrx_word' id='word_1_72' title='bbox 167 1440 259 1512; x_wconf 84' lang='lat' dir='ltr'><strong>Italia</strong></span> <span class='ocrx_word' id='word_1_73' title='bbox 287 1443 346 1502; x_wconf 92' lang='lat' dir='ltr'><strong>huc</strong></span> <span class='ocrx_word' id='word_1_74' title='bbox 371 1441 579 1518; x_wconf 77' lang='lat' dir='ltr'><strong>perscribitur,</strong></span> <span class='ocrx_word' id='word_1_75' title='bbox 612 1461 754 1520; x_wconf 90' lang='lat' dir='ltr'><strong>magnam</strong></span> <span class='ocrx_word' id='word_1_76' title='bbox 785 1443 917 1504; x_wconf 87' lang='lat' dir='ltr'><strong>militum</strong></span> <span class='ocrx_word' id='word_1_77' title='bbox 945 1463 1127 1505; x_wconf 76' lang='lat' dir='ltr'><strong>monumen</strong></span> <span class='ocrx_word' id='word_1_78' title='bbox 1151 1444 1223 1504; x_wconf 85' lang='lat' dir='ltr'><strong>His·</strong></span> 
     </span>
     <span class='ocr_line' id='line_1_10' title="bbox 107 1551 1223 1630; baseline 0.004 -21"><span class='ocrx_word' id='word_1_79' title='bbox 107 1551 196 1627; x_wconf 87' lang='lat' dir='ltr'><strong>panis</strong></span> <span class='ocrx_word' id='word_1_80' title='bbox 228 1555 260 1612; x_wconf 88' lang='lat' dir='ltr'><strong>et</strong></span> <span class='ocrx_word' id='word_1_81' title='bbox 288 1551 376 1612; x_wconf 84' lang='lat' dir='ltr'><strong>Italis</strong></span> <span class='ocrx_word' id='word_1_82' title='bbox 407 1551 524 1630; x_wconf 91' lang='lat' dir='ltr'><strong>colligi,</strong></span> <span class='ocrx_word' id='word_1_83' title='bbox 559 1551 609 1628; x_wconf 86' lang='lat' dir='ltr'><strong>qui</strong></span> <span class='ocrx_word' id='word_1_84' title='bbox 641 1555 747 1612; x_wconf 86' lang='lat' dir='ltr'><strong>contra</strong></span> <span class='ocrx_word' id='word_1_85' title='bbox 771 1551 909 1630; x_wconf 84' lang='lat' dir='ltr'><strong>Belgium</strong></span> <span class='ocrx_word' id='word_1_86' title='bbox 940 1556 971 1612; x_wconf 90' lang='lat' dir='ltr'><strong>et</strong></span> <span class='ocrx_word' id='word_1_87' title='bbox 991 1571 1045 1614; x_wconf 90' lang='lat' dir='ltr'><strong>nos</strong></span> <span class='ocrx_word' id='word_1_88' title='bbox 1065 1554 1223 1630; x_wconf 82' lang='lat' dir='ltr'><strong>praecipue</strong></span> 
     </span>
     <span class='ocr_line' id='line_1_11' title="bbox 106 1659 1220 1738; baseline 0.004 -20"><span class='ocrx_word' id='word_1_89' title='bbox 106 1660 252 1720; x_wconf 85' lang='lat' dir='ltr'><strong>destinati</strong></span> <span class='ocrx_word' id='word_1_90' title='bbox 271 1664 351 1720; x_wconf 88' lang='lat' dir='ltr'><strong>sunt.</strong></span> <span class='ocrx_word' id='word_1_91' title='bbox 391 1659 550 1721; x_wconf 87' lang='lat' dir='ltr'><strong>Arbritror</strong></span> <span class='ocrx_word' id='word_1_92' title='bbox 567 1661 633 1736; x_wconf 77' lang='lat' dir='ltr'><strong>J&#39;am</strong></span> <span class='ocrx_word' id='word_1_93' title='bbox 655 1661 771 1736; x_wconf 91' lang='lat' dir='ltr'><strong>pridem</strong></span> <span class='ocrx_word' id='word_1_94' title='bbox 793 1678 845 1722; x_wconf 90' lang='lat' dir='ltr'><strong>vos</strong></span> <span class='ocrx_word' id='word_1_95' title='bbox 859 1661 1057 1734; x_wconf 78' lang='lat' dir='ltr'><strong>intellexisse,</strong></span> <span class='ocrx_word' id='word_1_96' title='bbox 1072 1663 1220 1738; x_wconf 90' lang='lat' dir='ltr'><strong>quomodo</strong></span> 
     </span>
     <span class='ocr_line' id='line_1_12' title="bbox 108 1754 1224 1847; baseline 0.004 -21"><span class='ocrx_word' id='word_1_97' title='bbox 108 1768 232 1830; x_wconf 85' lang='lat' dir='ltr'><strong>Hcttoa</strong></span> <span class='ocrx_word' id='word_1_98' title='bbox 248 1767 382 1828; x_wconf 86' lang='lat' dir='ltr'><strong>Dekema</strong></span> <span class='ocrx_word' id='word_1_99' title='bbox 405 1772 475 1828; x_wconf 90' lang='lat' dir='ltr'><strong>ante</strong></span> <span class='ocrx_word' id='word_1_100' title='bbox 498 1769 635 1846; x_wconf 84' lang='lat' dir='ltr'><strong>hyemem</strong></span> <span class='ocrx_word' id='word_1_101' title='bbox 656 1769 689 1829; x_wconf 94' lang='lat' dir='ltr'><strong>in</strong></span> <span class='ocrx_word' id='word_1_102' title='bbox 709 1760 871 1846; x_wconf 85' lang='lat' dir='ltr'><strong>Hispanias</strong></span> <span class='ocrx_word' id='word_1_103' title='bbox 892 1770 930 1828; x_wconf 88' lang='lat' dir='ltr'><strong>ed</strong></span> <span class='ocrx_word' id='word_1_104' title='bbox 952 1788 1052 1847; x_wconf 91' lang='lat' dir='ltr'><strong>regem</strong></span> <span class='ocrx_word' id='word_1_105' title='bbox 1072 1754 1224 1846; x_wconf 76' lang='lat' dir='ltr'><strong>profectus</strong></span> 
     </span>
     <span class='ocr_line' id='line_1_13' title="bbox 106 1877 1221 1957; baseline 0.001 -18"><span class='ocrx_word' id='word_1_106' title='bbox 106 1877 160 1939; x_wconf 90' lang='lat' dir='ltr'><strong>sit.</strong></span> <span class='ocrx_word' id='word_1_107' title='bbox 200 1878 270 1938; x_wconf 88' lang='lat' dir='ltr'><strong>Non</strong></span> <span class='ocrx_word' id='word_1_108' title='bbox 289 1877 335 1938; x_wconf 88' lang='lat' dir='ltr'><strong>ita</strong></span> <span class='ocrx_word' id='word_1_109' title='bbox 357 1877 449 1938; x_wconf 91' lang='lat' dir='ltr'><strong>etiam</strong></span> <span class='ocrx_word' id='word_1_110' title='bbox 471 1897 567 1954; x_wconf 87' lang='lat' dir='ltr'><strong>nuper</strong></span> <span class='ocrx_word' id='word_1_111' title='bbox 588 1879 693 1938; x_wconf 90' lang='lat' dir='ltr'><strong>codem</strong></span> <span class='ocrx_word' id='word_1_112' title='bbox 717 1880 822 1939; x_wconf 90' lang='lat' dir='ltr'><strong>consul</strong></span> <span class='ocrx_word' id='word_1_113' title='bbox 846 1877 1061 1957; x_wconf 85' lang='lat' dir='ltr'><strong>Groningensis</strong></span> <span class='ocrx_word' id='word_1_114' title='bbox 1084 1878 1221 1940; x_wconf 89' lang='lat' dir='ltr'><strong>Ubbema</strong></span> 
     </span>
    </p>
   </div>
   <div class='ocr_carea' id='block_1_3' title="bbox 6 1987 1223 2067">
    <p class='ocr_par' dir='ltr' id='par_1_3' title="bbox 6 1987 1223 2067">
     <span class='ocr_line' id='line_1_14' title="bbox 6 1987 1223 2067; baseline 0.002 -20"><span class='ocrx_word' id='word_1_115' title='bbox 6 1997 7 2002; x_wconf 76' lang='grc'>’</span> <span class='ocrx_word' id='word_1_116' title='bbox 106 1991 140 2048; x_wconf 88' lang='lat' dir='ltr'><strong>ct</strong></span> <span class='ocrx_word' id='word_1_117' title='bbox 153 1987 293 2066; x_wconf 80' lang='lat' dir='ltr'><strong>syndicus</strong></span> <span class='ocrx_word' id='word_1_118' title='bbox 304 1987 410 2048; x_wconf 87' lang='lat' dir='ltr'><strong>Gouda</strong></span> <span class='ocrx_word' id='word_1_119' title='bbox 421 1989 648 2049; x_wconf 86' lang='lat' dir='ltr'><strong>contenderunt.</strong></span> <span class='ocrx_word' id='word_1_120' title='bbox 669 1988 755 2047; x_wconf 88' lang='lat' dir='ltr'><strong>Illius</strong></span> <span class='ocrx_word' id='word_1_121' title='bbox 768 1988 928 2066; x_wconf 79' lang='lat' dir='ltr'><strong>legationis</strong></span> <span class='ocrx_word' id='word_1_122' title='bbox 950 2007 1042 2049; x_wconf 90' lang='lat' dir='ltr'><strong>causa</strong></span> <span class='ocrx_word' id='word_1_123' title='bbox 1063 1989 1223 2067; x_wconf 89' lang='lat' dir='ltr'><strong>praecipua</strong></span> 
     </span>
    </p>
   </div>
   <div class='ocr_carea' id='block_1_4' title="bbox 104 2095 1268 4258">
    <p class='ocr_par' dir='ltr' id='par_1_4' title="bbox 104 2095 1238 3055">
     <span class='ocr_line' id='line_1_15' title="bbox 105 2095 1223 2177; baseline -0.001 -18"><span class='ocrx_word' id='word_1_124' title='bbox 105 2100 181 2159; x_wconf 83' lang='lat' dir='ltr'><strong>haec</strong></span> <span class='ocrx_word' id='word_1_125' title='bbox 195 2101 257 2172; x_wconf 87' lang='lat' dir='ltr'><strong>est,</strong></span> <span class='ocrx_word' id='word_1_126' title='bbox 278 2101 314 2158; x_wconf 92' lang='lat' dir='ltr'><strong>ut</strong></span> <span class='ocrx_word' id='word_1_127' title='bbox 334 2098 424 2177; x_wconf 82' lang='lat' dir='ltr'><strong>Bylgi</strong></span> <span class='ocrx_word' id='word_1_128' title='bbox 437 2097 606 2174; x_wconf 85' lang='lat' dir='ltr'><strong>praefectus</strong></span> <span class='ocrx_word' id='word_1_129' title='bbox 619 2100 723 2158; x_wconf 89' lang='lat' dir='ltr'><strong>noster</strong></span> <span class='ocrx_word' id='word_1_130' title='bbox 738 2097 901 2157; x_wconf 88' lang='lat' dir='ltr'><strong>ordinetur.</strong></span> <span class='ocrx_word' id='word_1_131' title='bbox 923 2095 972 2156; x_wconf 82' lang='lat' dir='ltr'><strong>Ad</strong></span> <span class='ocrx_word' id='word_1_132' title='bbox 985 2097 1065 2175; x_wconf 92' lang='lat' dir='ltr'><strong>quod</strong></span> <span class='ocrx_word' id='word_1_133' title='bbox 1080 2097 1223 2176; x_wconf 89' lang='lat' dir='ltr'><strong>omnium,</strong></span> 
     </span>
     <span class='ocr_line' id='line_1_16' title="bbox 105 2187 1223 2293; baseline 0.002 -27"><span class='ocrx_word' id='word_1_134' title='bbox 105 2226 237 2286; x_wconf 88' lang='lat' dir='ltr'><strong>quorum</strong></span> <span class='ocrx_word' id='word_1_135' title='bbox 261 2206 495 2284; x_wconf 89' lang='lat' dir='ltr'><strong>subscripsiones</strong></span> <span class='ocrx_word' id='word_1_136' title='bbox 515 2206 630 2293; x_wconf 52' lang='lat' dir='ltr'><strong>habere¹</strong></span> <span class='ocrx_word' id='word_1_137' title='bbox 642 2205 758 2282; x_wconf 86' lang='lat' dir='ltr'><strong>potuit,</strong></span> <span class='ocrx_word' id='word_1_138' title='bbox 780 2206 923 2283; x_wconf 90' lang='lat' dir='ltr'><strong>suffragia</strong></span> <span class='ocrx_word' id='word_1_139' title='bbox 943 2187 1158 2284; x_wconf 80' lang='lat' dir='ltr'><strong>emendicavit,</strong></span> <span class='ocrx_word' id='word_1_140' title='bbox 1170 2210 1223 2268; x_wconf 92' lang='lat' dir='ltr'><strong>ho-</strong></span> 
     </span>
     <span class='ocr_line' id='line_1_17' title="bbox 104 2315 1224 2394; baseline 0 -18"><span class='ocrx_word' id='word_1_141' title='bbox 104 2337 177 2376; x_wconf 91' lang='lat' dir='ltr'><strong>rum</strong></span> <span class='ocrx_word' id='word_1_142' title='bbox 196 2320 232 2377; x_wconf 91' lang='lat' dir='ltr'><strong>ut</strong></span> <span class='ocrx_word' id='word_1_143' title='bbox 252 2336 306 2394; x_wconf 89' lang='lat' dir='ltr'><strong>pro</strong></span> <span class='ocrx_word' id='word_1_144' title='bbox 326 2318 384 2376; x_wconf 88' lang='lat' dir='ltr'><strong>fide</strong></span> <span class='ocrx_word' id='word_1_145' title='bbox 406 2334 496 2394; x_wconf 87' lang='lat' dir='ltr'><strong>quam</strong></span> <span class='ocrx_word' id='word_1_146' title='bbox 517 2315 581 2393; x_wconf 89' lang='lat' dir='ltr'><strong>regi</strong></span> <span class='ocrx_word' id='word_1_147' title='bbox 602 2318 776 2392; x_wconf 81' lang='lat' dir='ltr'><strong>praestant,</strong></span> <span class='ocrx_word' id='word_1_148' title='bbox 798 2333 917 2374; x_wconf 89' lang='lat' dir='ltr'><strong>omnem</strong></span> <span class='ocrx_word' id='word_1_149' title='bbox 926 2316 1168 2392; x_wconf 82' lang='lat' dir='ltr'><strong>jurisdictionem</strong></span> <span class='ocrx_word' id='word_1_150' title='bbox 1181 2316 1224 2378; x_wconf 91' lang='lat' dir='ltr'><strong>ci-</strong></span> 
     </span>
     <span class='ocr_line' id='line_1_18' title="bbox 105 2419 1224 2505; baseline -0.003 -14"><span class='ocrx_word' id='word_1_151' title='bbox 105 2427 199 2491; x_wconf 88' lang='lat' dir='ltr'><strong>vitati</strong></span> <span class='ocrx_word' id='word_1_152' title='bbox 220 2427 253 2487; x_wconf 90' lang='lat' dir='ltr'><strong>in</strong></span> <span class='ocrx_word' id='word_1_153' title='bbox 273 2445 379 2505; x_wconf 90' lang='lat' dir='ltr'><strong>agrurn</strong></span> <span class='ocrx_word' id='word_1_154' title='bbox 398 2425 576 2501; x_wconf 90' lang='lat' dir='ltr'><strong>impetrent,</strong></span> <span class='ocrx_word' id='word_1_155' title='bbox 598 2426 755 2485; x_wconf 88' lang='lat' dir='ltr'><strong>amborum</strong></span> <span class='ocrx_word' id='word_1_156' title='bbox 769 2419 982 2502; x_wconf 81' lang='lat' dir='ltr'><strong>¹communiter,</strong></span> <span class='ocrx_word' id='word_1_157' title='bbox 996 2431 1031 2487; x_wconf 85' lang='lat' dir='ltr'><strong>ut</strong></span> <span class='ocrx_word' id='word_1_158' title='bbox 1045 2425 1171 2504; x_wconf 82' lang='lat' dir='ltr'><strong>pecunia</strong></span> <span class='ocrx_word' id='word_1_159' title='bbox 1185 2429 1224 2488; x_wconf 88' lang='lat' dir='ltr'><strong>ad</strong></span> 
     </span>
     <span class='ocr_line' id='line_1_19' title="bbox 104 2530 1238 2616; baseline -0.002 -18"><span class='ocrx_word' id='word_1_160' title='bbox 104 2538 222 2598; x_wconf 90' lang='lat' dir='ltr'><strong>bellum</strong></span> <span class='ocrx_word' id='word_1_161' title='bbox 242 2537 406 2616; x_wconf 86' lang='lat' dir='ltr'><strong>gerendum</strong></span> <span class='ocrx_word' id='word_1_162' title='bbox 426 2539 532 2597; x_wconf 88' lang='lat' dir='ltr'><strong>contra</strong></span> <span class='ocrx_word' id='word_1_163' title='bbox 553 2553 660 2614; x_wconf 88' lang='lat' dir='ltr'><strong>agrum</strong></span> <span class='ocrx_word' id='word_1_164' title='bbox 679 2539 711 2596; x_wconf 86' lang='lat' dir='ltr'><strong>et</strong></span> <span class='ocrx_word' id='word_1_165' title='bbox 726 2553 781 2596; x_wconf 88' lang='lat' dir='ltr'><strong>nos</strong></span> <span class='ocrx_word' id='word_1_166' title='bbox 798 2537 923 2612; x_wconf 89' lang='lat' dir='ltr'><strong>posthac</strong></span> <span class='ocrx_word' id='word_1_167' title='bbox 942 2536 1096 2597; x_wconf 87' lang='lat' dir='ltr'><strong>liberalius</strong></span> <span class='ocrx_word' id='word_1_168' title='bbox 1110 2530 1238 2597; x_wconf 75' lang='lat' dir='ltr'><strong>submi-¹</strong></span> 
     </span>
     <span class='ocr_line' id='line_1_20' title="bbox 104 2643 1224 2722; baseline -0.001 -14"><span class='ocrx_word' id='word_1_169' title='bbox 104 2648 263 2708; x_wconf 90' lang='lat' dir='ltr'><strong>nistretur.</strong></span> <span class='ocrx_word' id='word_1_170' title='bbox 305 2645 432 2718; x_wconf 84' lang='lat' dir='ltr'><strong>Quidam</strong></span> <span class='ocrx_word' id='word_1_171' title='bbox 452 2664 507 2721; x_wconf 90' lang='lat' dir='ltr'><strong>pro</strong></span> <span class='ocrx_word' id='word_1_172' title='bbox 529 2663 563 2705; x_wconf 91' lang='lat' dir='ltr'><strong>eo</strong></span> <span class='ocrx_word' id='word_1_173' title='bbox 584 2643 713 2720; x_wconf 90' lang='lat' dir='ltr'><strong>habent,</strong></span> <span class='ocrx_word' id='word_1_174' title='bbox 729 2663 763 2704; x_wconf 88' lang='lat' dir='ltr'><strong>ao</strong></span> <span class='ocrx_word' id='word_1_175' title='bbox 778 2645 804 2704; x_wconf 90' lang='lat' dir='ltr'><strong>si</strong></span> <span class='ocrx_word' id='word_1_176' title='bbox 818 2643 908 2722; x_wconf 85' lang='lat' dir='ltr'><strong>Bylgi</strong></span> <span class='ocrx_word' id='word_1_177' title='bbox 917 2645 984 2720; x_wconf 84' lang='lat' dir='ltr'><strong>jam</strong></span> <span class='ocrx_word' id='word_1_178' title='bbox 998 2646 1153 2707; x_wconf 85' lang='lat' dir='ltr'><strong>ordinatus</strong></span> <span class='ocrx_word' id='word_1_179' title='bbox 1167 2646 1224 2722; x_wconf 90' lang='lat' dir='ltr'><strong>sit,</strong></span> 
     </span>
     <span class='ocr_line' id='line_1_21' title="bbox 104 2753 1223 2838; baseline -0.002 -18"><span class='ocrx_word' id='word_1_180' title='bbox 104 2759 246 2838; x_wconf 86' lang='lat' dir='ltr'><strong>ringente</strong></span> <span class='ocrx_word' id='word_1_181' title='bbox 265 2755 488 2832; x_wconf 88' lang='lat' dir='ltr'><strong>Arenburgioo,</strong></span> <span class='ocrx_word' id='word_1_182' title='bbox 509 2753 562 2832; x_wconf 92' lang='lat' dir='ltr'><strong>qui</strong></span> <span class='ocrx_word' id='word_1_183' title='bbox 582 2754 761 2830; x_wconf 88' lang='lat' dir='ltr'><strong>competitor</strong></span> <span class='ocrx_word' id='word_1_184' title='bbox 779 2755 842 2831; x_wconf 84' lang='lat' dir='ltr'><strong>ejus</strong></span> <span class='ocrx_word' id='word_1_185' title='bbox 864 2758 910 2815; x_wconf 90' lang='lat' dir='ltr'><strong>ost</strong></span> <span class='ocrx_word' id='word_1_186' title='bbox 932 2756 1119 2834; x_wconf 88' lang='lat' dir='ltr'><strong>eundemque</strong></span> <span class='ocrx_word' id='word_1_187' title='bbox 1133 2756 1223 2835; x_wconf 83' lang='lat' dir='ltr'><strong>Bylgi</strong></span> 
     </span>
     <span class='ocr_line' id='line_1_22' title="bbox 105 2863 1225 2944; baseline -0.001 -15"><span class='ocrx_word' id='word_1_188' title='bbox 105 2867 273 2930; x_wconf 84' lang='lat' dir='ltr'><strong>exercitum</strong></span> <span class='ocrx_word' id='word_1_189' title='bbox 295 2884 417 2944; x_wconf 85' lang='lat' dir='ltr'><strong>parare,</strong></span> <span class='ocrx_word' id='word_1_190' title='bbox 442 2885 531 2943; x_wconf 88' lang='lat' dir='ltr'><strong>quem</strong></span> <span class='ocrx_word' id='word_1_191' title='bbox 563 2865 598 2924; x_wconf 89' lang='lat' dir='ltr'><strong>de</strong></span> <span class='ocrx_word' id='word_1_192' title='bbox 619 2882 698 2926; x_wconf 83' lang='lat' dir='ltr'><strong>noro</strong></span> <span class='ocrx_word' id='word_1_193' title='bbox 722 2863 866 2926; x_wconf 89' lang='lat' dir='ltr'><strong>adversus</strong></span> <span class='ocrx_word' id='word_1_194' title='bbox 886 2883 940 2925; x_wconf 87' lang='lat' dir='ltr'><strong>nos</strong></span> <span class='ocrx_word' id='word_1_195' title='bbox 961 2865 1085 2942; x_wconf 90' lang='lat' dir='ltr'><strong>educat,</strong></span> <span class='ocrx_word' id='word_1_196' title='bbox 1113 2866 1164 2927; x_wconf 90' lang='lat' dir='ltr'><strong>sed</strong></span> <span class='ocrx_word' id='word_1_197' title='bbox 1188 2867 1225 2928; x_wconf 87' lang='lat' dir='ltr'><strong>de</strong></span> 
     </span>
     <span class='ocr_line' id='line_1_23' title="bbox 105 2973 811 3055; baseline -0.01 -16"><span class='ocrx_word' id='word_1_198' title='bbox 105 2981 237 3055; x_wconf 88' lang='lat' dir='ltr'><strong>utroque</strong></span> <span class='ocrx_word' id='word_1_199' title='bbox 260 2977 335 3036; x_wconf 92' lang='lat' dir='ltr'><strong>nihil</strong></span> <span class='ocrx_word' id='word_1_200' title='bbox 355 2975 452 3037; x_wconf 89' lang='lat' dir='ltr'><strong>adhuc</strong></span> <span class='ocrx_word' id='word_1_201' title='bbox 474 2973 549 3035; x_wconf 88' lang='lat' dir='ltr'><strong>certi</strong></span> <span class='ocrx_word' id='word_1_202' title='bbox 569 2975 701 3034; x_wconf 90' lang='lat' dir='ltr'><strong>affimare</strong></span> <span class='ocrx_word' id='word_1_203' title='bbox 726 2991 811 3050; x_wconf 89' lang='lat' dir='ltr'><strong>queo.</strong></span> 
     </span>
    </p>

    <p class='ocr_par' dir='ltr' id='par_1_5' title="bbox 105 3082 1268 4136">
     <span class='ocr_line' id='line_1_24' title="bbox 146 3082 1224 3165; baseline 0.001 -19"><span class='ocrx_word' id='word_1_204' title='bbox 146 3086 402 3165; x_wconf 84' lang='lat' dir='ltr'><strong>Aquisgranensis</strong></span> <span class='ocrx_word' id='word_1_205' title='bbox 424 3085 531 3146; x_wconf 87' lang='lat' dir='ltr'><strong>civitas</strong></span> <span class='ocrx_word' id='word_1_206' title='bbox 552 3083 706 3162; x_wconf 87' lang='lat' dir='ltr'><strong>religionis</strong></span> <span class='ocrx_word' id='word_1_207' title='bbox 726 3083 847 3144; x_wconf 89' lang='lat' dir='ltr'><strong>nomine</strong></span> <span class='ocrx_word' id='word_1_208' title='bbox 869 3101 888 3142; x_wconf 93' lang='lat' dir='ltr'><strong>a</strong></span> <span class='ocrx_word' id='word_1_209' title='bbox 907 3082 1014 3146; x_wconf 86' lang='lat' dir='ltr'><strong>vicinis</strong></span> <span class='ocrx_word' id='word_1_210' title='bbox 1038 3084 1224 3162; x_wconf 82' lang='lat' dir='ltr'><strong>principibus</strong></span> 
     </span>
     <span class='ocr_line' id='line_1_25' title="bbox 105 3192 1227 3276; baseline 0.002 -20"><span class='ocrx_word' id='word_1_211' title='bbox 105 3196 195 3276; x_wconf 87' lang='lat' dir='ltr'><strong>quasi</strong></span> <span class='ocrx_word' id='word_1_212' title='bbox 219 3195 384 3256; x_wconf 88' lang='lat' dir='ltr'><strong>obsidetur.</strong></span> <span class='ocrx_word' id='word_1_213' title='bbox 424 3193 636 3255; x_wconf 89' lang='lat' dir='ltr'><strong>Defensioncm</strong></span> <span class='ocrx_word' id='word_1_214' title='bbox 658 3193 721 3270; x_wconf 83' lang='lat' dir='ltr'><strong>ejus</strong></span> <span class='ocrx_word' id='word_1_215' title='bbox 746 3192 914 3269; x_wconf 84' lang='lat' dir='ltr'><strong>suscipiunt</strong></span> <span class='ocrx_word' id='word_1_216' title='bbox 940 3193 1089 3271; x_wconf 88' lang='lat' dir='ltr'><strong>principes</strong></span> <span class='ocrx_word' id='word_1_217' title='bbox 1110 3201 1227 3272; x_wconf 88' lang='lat' dir='ltr'><strong>protes-</strong></span> 
     </span>
     <span class='ocr_line' id='line_1_26' title="bbox 105 3289 1227 3382; baseline 0.001 -14"><span class='ocrx_word' id='word_1_218' title='bbox 105 3310 210 3370; x_wconf 84' lang='lat' dir='ltr'><strong>tantes</strong></span> <span class='ocrx_word' id='word_1_219' title='bbox 241 3326 302 3367; x_wconf 90' lang='lat' dir='ltr'><strong>una</strong></span> <span class='ocrx_word' id='word_1_220' title='bbox 332 3325 401 3366; x_wconf 92' lang='lat' dir='ltr'><strong>cum</strong></span> <span class='ocrx_word' id='word_1_221' title='bbox 432 3304 569 3364; x_wconf 87' lang='lat' dir='ltr'><strong>omnibus</strong></span> <span class='ocrx_word' id='word_1_222' title='bbox 602 3303 777 3365; x_wconf 82' lang='lat' dir='ltr'><strong>civitatibus</strong></span> <span class='ocrx_word' id='word_1_223' title='bbox 809 3289 945 3381; x_wconf 83' lang='lat' dir='ltr'><strong>imperii,</strong></span> <span class='ocrx_word' id='word_1_224' title='bbox 978 3305 1031 3382; x_wconf 88' lang='lat' dir='ltr'><strong>qui</strong></span> <span class='ocrx_word' id='word_1_225' title='bbox 1055 3306 1124 3367; x_wconf 87' lang='lat' dir='ltr'><strong>suos</strong></span> <span class='ocrx_word' id='word_1_226' title='bbox 1146 3325 1227 3369; x_wconf 89' lang='lat' dir='ltr'><strong>nunc</strong></span> 
     </span>
     <span class='ocr_line' id='line_1_27' title="bbox 105 3411 1226 3496; baseline 0.002 -18"><span class='ocrx_word' id='word_1_227' title='bbox 105 3419 226 3496; x_wconf 87' lang='lat' dir='ltr'><strong>legatos</strong></span> <span class='ocrx_word' id='word_1_228' title='bbox 256 3416 303 3477; x_wconf 88' lang='lat' dir='ltr'><strong>his</strong></span> <span class='ocrx_word' id='word_1_229' title='bbox 327 3415 518 3491; x_wconf 88' lang='lat' dir='ltr'><strong>inpartibus</strong></span> <span class='ocrx_word' id='word_1_230' title='bbox 539 3411 661 3474; x_wconf 85' lang='lat' dir='ltr'><strong>habent.</strong></span> <span class='ocrx_word' id='word_1_231' title='bbox 703 3413 801 3475; x_wconf 90' lang='lat' dir='ltr'><strong>Avide</strong></span> <span class='ocrx_word' id='word_1_232' title='bbox 822 3417 1029 3493; x_wconf 72' lang='lat' dir='ltr'><strong>expectamus,</strong></span> <span class='ocrx_word' id='word_1_233' title='bbox 1050 3416 1117 3493; x_wconf 89' lang='lat' dir='ltr'><strong>quis</strong></span> <span class='ocrx_word' id='word_1_234' title='bbox 1137 3418 1226 3495; x_wconf 88' lang='lat' dir='ltr'><strong>hujus</strong></span> 
     </span>
     <span class='ocr_line' id='line_1_28' title="bbox 105 3499 1229 3604; baseline 0 -17"><span class='ocrx_word' id='word_1_235' title='bbox 105 3525 226 3604; x_wconf 86' lang='lat' dir='ltr'><strong>negocii</strong></span> <span class='ocrx_word' id='word_1_236' title='bbox 258 3527 383 3586; x_wconf 88' lang='lat' dir='ltr'><strong>eventus</strong></span> <span class='ocrx_word' id='word_1_237' title='bbox 410 3524 534 3584; x_wconf 88' lang='lat' dir='ltr'><strong>futurus</strong></span> <span class='ocrx_word' id='word_1_238' title='bbox 565 3525 615 3584; x_wconf 90' lang='lat' dir='ltr'><strong>sit.</strong></span> <span class='ocrx_word' id='word_1_239' title='bbox 668 3521 795 3586; x_wconf 76' lang='lat' dir='ltr'><strong>Civitati</strong></span> <span class='ocrx_word' id='word_1_240' title='bbox 828 3543 945 3584; x_wconf 86' lang='lat' dir='ltr'><strong>omnem</strong></span> <span class='ocrx_word' id='word_1_241' title='bbox 977 3499 1099 3602; x_wconf 85' lang='lat' dir='ltr'><strong>quidem</strong></span> <span class='ocrx_word' id='word_1_242' title='bbox 1125 3545 1229 3604; x_wconf 87' lang='lat' dir='ltr'><strong>pacem</strong></span> 
     </span>
     <span class='ocr_line' id='line_1_29' title="bbox 106 3631 1227 3714; baseline 0.001 -18"><span class='ocrx_word' id='word_1_243' title='bbox 106 3639 199 3713; x_wconf 88' lang='lat' dir='ltr'><strong>epte,</strong></span> <span class='ocrx_word' id='word_1_244' title='bbox 230 3635 281 3696; x_wconf 89' lang='lat' dir='ltr'><strong>sed</strong></span> <span class='ocrx_word' id='word_1_245' title='bbox 312 3631 338 3692; x_wconf 87' lang='lat' dir='ltr'><strong>si</strong></span> <span class='ocrx_word' id='word_1_246' title='bbox 358 3633 521 3712; x_wconf 87' lang='lat' dir='ltr'><strong>contigerit</strong></span> <span class='ocrx_word' id='word_1_247' title='bbox 542 3633 575 3693; x_wconf 91' lang='lat' dir='ltr'><strong>in</strong></span> <span class='ocrx_word' id='word_1_248' title='bbox 595 3633 756 3693; x_wconf 81' lang='lat' dir='ltr'><strong>Germania</strong></span> <span class='ocrx_word' id='word_1_249' title='bbox 780 3653 883 3694; x_wconf 86' lang='lat' dir='ltr'><strong>rursus</strong></span> <span class='ocrx_word' id='word_1_250' title='bbox 904 3639 1029 3712; x_wconf 92' lang='lat' dir='ltr'><strong>propter</strong></span> <span class='ocrx_word' id='word_1_251' title='bbox 1049 3636 1227 3714; x_wconf 90' lang='lat' dir='ltr'><strong>religionem</strong></span> 
     </span>
     <span class='ocr_line' id='line_1_30' title="bbox 105 3723 1268 3819; baseline 0 -13"><span class='ocrx_word' id='word_1_252' title='bbox 105 3745 224 3806; x_wconf 91' lang='lat' dir='ltr'><strong>bellum</strong></span> <span class='ocrx_word' id='word_1_253' title='bbox 254 3743 384 3816; x_wconf 89' lang='lat' dir='ltr'><strong>moveri,</strong></span> <span class='ocrx_word' id='word_1_254' title='bbox 409 3761 463 3808; x_wconf 78' lang='lat' dir='ltr'><strong>res</strong></span> <span class='ocrx_word' id='word_1_255' title='bbox 484 3745 605 3803; x_wconf 84' lang='lat' dir='ltr'><strong>nostrae</strong></span> <span class='ocrx_word' id='word_1_256' title='bbox 629 3742 662 3802; x_wconf 90' lang='lat' dir='ltr'><strong>in</strong></span> <span class='ocrx_word' id='word_1_257' title='bbox 691 3742 845 3802; x_wconf 90' lang='lat' dir='ltr'><strong>meliorem</strong></span> <span class='ocrx_word' id='word_1_258' title='bbox 869 3743 1018 3819; x_wconf 88' lang='lat' dir='ltr'><strong>paulatim</strong></span> <span class='ocrx_word' id='word_1_259' title='bbox 1041 3747 1157 3804; x_wconf 89' lang='lat' dir='ltr'><strong>statum</strong></span> <span class='ocrx_word' id='word_1_260' title='bbox 1178 3747 1229 3806; x_wconf 89' lang='lat' dir='ltr'><strong>de·</strong></span> <span class='ocrx_word' id='word_1_261' title='bbox 1265 3723 1268 3728; x_wconf 84' lang='lat'>.</span> 
     </span>
     <span class='ocr_line' id='line_1_31' title="bbox 106 3851 1230 3936; baseline 0 -20"><span class='ocrx_word' id='word_1_262' title='bbox 106 3853 213 3917; x_wconf 88' lang='lat' dir='ltr'><strong>venire</strong></span> <span class='ocrx_word' id='word_1_263' title='bbox 233 3855 400 3931; x_wconf 91' lang='lat' dir='ltr'><strong>poterunt,</strong></span> <span class='ocrx_word' id='word_1_264' title='bbox 432 3851 550 3929; x_wconf 87' lang='lat' dir='ltr'><strong>siquid</strong></span> <span class='ocrx_word' id='word_1_265' title='bbox 578 3851 729 3930; x_wconf 89' lang='lat' dir='ltr'><strong>singulare</strong></span> <span class='ocrx_word' id='word_1_266' title='bbox 750 3854 948 3932; x_wconf 89' lang='lat' dir='ltr'><strong>undequaque</strong></span> <span class='ocrx_word' id='word_1_267' title='bbox 968 3853 1126 3928; x_wconf 86' lang='lat' dir='ltr'><strong>inciderit,</strong></span> <span class='ocrx_word' id='word_1_268' title='bbox 1149 3857 1230 3936; x_wconf 91' lang='lat' dir='ltr'><strong>quod</strong></span> 
     </span>
     <span class='ocr_line' id='line_1_32' title="bbox 107 3960 1227 4042; baseline 0.003 -18"><span class='ocrx_word' id='word_1_269' title='bbox 107 3964 229 4042; x_wconf 86' lang='lat' dir='ltr'><strong>patriae</strong></span> <span class='ocrx_word' id='word_1_270' title='bbox 258 3963 405 4024; x_wconf 81' lang='lat' dir='ltr'><strong>interesse</strong></span> <span class='ocrx_word' id='word_1_271' title='bbox 430 3965 576 4040; x_wconf 86' lang='lat' dir='ltr'><strong>putavero</strong></span> <span class='ocrx_word' id='word_1_272' title='bbox 597 3960 718 4039; x_wconf 87' lang='lat' dir='ltr'><strong>proprio</strong></span> <span class='ocrx_word' id='word_1_273' title='bbox 740 3961 850 4023; x_wconf 87' lang='lat' dir='ltr'><strong>nuncio</strong></span> <span class='ocrx_word' id='word_1_274' title='bbox 871 3981 926 4024; x_wconf 85' lang='lat' dir='ltr'><strong>vos</strong></span> <span class='ocrx_word' id='word_1_275' title='bbox 945 3963 1087 4026; x_wconf 89' lang='lat' dir='ltr'><strong>certiores</strong></span> <span class='ocrx_word' id='word_1_276' title='bbox 1106 3965 1139 4026; x_wconf 91' lang='lat' dir='ltr'><strong>in</strong></span> <span class='ocrx_word' id='word_1_277' title='bbox 1161 3985 1227 4027; x_wconf 92' lang='lat' dir='ltr'><strong>con·</strong></span> 
     </span>
     <span class='ocr_line' id='line_1_33' title="bbox 107 4072 377 4136; baseline -0.007 0"><span class='ocrx_word' id='word_1_278' title='bbox 107 4073 223 4136; x_wconf 89' lang='lat' dir='ltr'><strong>tinenti</strong></span> <span class='ocrx_word' id='word_1_279' title='bbox 243 4072 377 4136; x_wconf 88' lang='lat' dir='ltr'><strong>reddam.</strong></span> 
     </span>
    </p>

    <p class='ocr_par' dir='ltr' id='par_1_6' title="bbox 151 4179 1230 4258">
     <span class='ocr_line' id='line_1_34' title="bbox 151 4179 1230 4258; baseline 0.007 -18"><span class='ocrx_word' id='word_1_280' title='bbox 151 4181 234 4240; x_wconf 90' lang='lat' dir='ltr'><strong>Bene</strong></span> <span class='ocrx_word' id='word_1_281' title='bbox 254 4181 321 4242; x_wconf 86' lang='lat' dir='ltr'><strong>vale</strong></span> <span class='ocrx_word' id='word_1_282' title='bbox 342 4180 375 4242; x_wconf 91' lang='lat' dir='ltr'><strong>in</strong></span> <span class='ocrx_word' id='word_1_283' title='bbox 395 4199 430 4242; x_wconf 91' lang='lat' dir='ltr'><strong>eo</strong></span> <span class='ocrx_word' id='word_1_284' title='bbox 448 4180 501 4258; x_wconf 91' lang='lat' dir='ltr'><strong>qui</strong></span> <span class='ocrx_word' id='word_1_285' title='bbox 520 4199 576 4242; x_wconf 90' lang='lat' dir='ltr'><strong>nos</strong></span> <span class='ocrx_word' id='word_1_286' title='bbox 596 4180 702 4243; x_wconf 88' lang='lat' dir='ltr'><strong>dilexit</strong></span> <span class='ocrx_word' id='word_1_287' title='bbox 717 4179 837 4244; x_wconf 79' lang='lat' dir='ltr'><strong>Christo</strong></span> <span class='ocrx_word' id='word_1_288' title='bbox 850 4181 980 4244; x_wconf 88' lang='lat' dir='ltr'><strong>Domino</strong></span> <span class='ocrx_word' id='word_1_289' title='bbox 994 4186 1025 4245; x_wconf 91' lang='lat' dir='ltr'><strong>et</strong></span> <span class='ocrx_word' id='word_1_290' title='bbox 1037 4183 1102 4246; x_wconf 87' lang='lat' dir='ltr'><strong>Deo</strong></span> <span class='ocrx_word' id='word_1_291' title='bbox 1115 4187 1230 4248; x_wconf 86' lang='lat' dir='ltr'><strong>nostro.</strong></span> 
     </span>
    </p>
   </div>
   <div class='ocr_carea' id='block_1_5' title="bbox 141 4289 591 4367">
    <p class='ocr_par' dir='ltr' id='par_1_7' title="bbox 141 4289 591 4367">
     <span class='ocr_line' id='line_1_35' title="bbox 141 4289 591 4367; baseline -0.004 -13"><span class='ocrx_word' id='word_1_292' title='bbox 141 4289 313 4367; x_wconf 52' lang='lat' dir='ltr'><strong>Coloniae,</strong></span> <span class='ocrx_word' id='word_1_293' title='bbox 334 4291 371 4352; x_wconf 90' lang='lat'><strong>10</strong></span> <span class='ocrx_word' id='word_1_294' title='bbox 394 4291 480 4354; x_wconf 77' lang='lat' dir='ltr'><strong>Febr.</strong></span> <span class='ocrx_word' id='word_1_295' title='bbox 503 4293 591 4354; x_wconf 83' lang='lat'>1582.</span> 
     </span>
    </p>
   </div>
   <div class='ocr_carea' id='block_1_6' title="bbox 108 4598 317 4614">
    <p class='ocr_par' dir='ltr' id='par_1_8' title="bbox 108 4598 317 4614">
     <span class='ocr_line' id='line_1_36' title="bbox 108 4598 317 4614; baseline -0.005 -4"><span class='ocrx_word' id='word_1_296' title='bbox 108 4598 317 4614; x_wconf 47' lang='grc' dir='ltr'><strong>μ-</strong></span> 
     </span>
    </p>
   </div>
   <div class='ocr_carea' id='block_1_7' title="bbox 146 4609 549 4715">
    <p class='ocr_par' dir='ltr' id='par_1_9' title="bbox 146 4609 549 4715">
     <span class='ocr_line' id='line_1_37' title="bbox 146 4609 549 4715; baseline 0.005 -15"><span class='ocrx_word' id='word_1_297' title='bbox 146 4650 173 4714; x_wconf 89' lang='lat'><strong>1)</strong></span> <span class='ocrx_word' id='word_1_298' title='bbox 208 4609 391 4715; x_wconf 56' lang='lat' dir='ltr'><strong>nigrasse</strong></span> <span class='ocrx_word' id='word_1_299' title='bbox 407 4649 549 4703; x_wconf 70' lang='lat' dir='ltr'><strong>anneta.</strong></span> 
     </span>
    </p>
   </div>
   <div class='ocr_carea' id='block_1_8' title="bbox 0 0 1515 5360">
    <p class='ocr_par' dir='ltr' id='par_1_10' title="bbox 0 0 1515 5360">
     <span class='ocr_line' id='line_1_38' title="bbox 0 0 1515 5360; baseline 0 0"><span class='ocrx_word' id='word_1_300' title='bbox 0 0 1515 5360; x_wconf 95' lang='lat' dir='ltr'><strong> </strong></span> 
     </span>
    </p>
   </div>
  </div>
 </body>
</html>
