3020 5360
433 533 475 576 sn
494 531 674 578 nunnneon
693 535 733 577 ln
753 531 876 580 sussum
1161 514 1219 578 137

102 691 153 751 cio
172 709 314 770 magnam
329 693 451 772 plagam
465 693 622 754 imminere
641 697 754 755 metuo.
795 694 881 766 Quod
907 695 946 754 ad
968 713 1065 756 cesses
1085 695 1135 756 'vel'
1155 696 1217 772 jem

102 799 221 877 aliquot
241 801 330 862 annm
349 819 411 862 non
430 802 548 862 solutos
569 803 687 862 reditus
710 804 838 876 attinet,
859 807 985 880 paratus
1009 824 1076 864 snm
1098 805 1155 864 hoc
1168 803 1214 863 fa-

99 927 184 984 cere,
215 912 296 989 qnod
328 930 425 988 nuper
453 913 577 988 scripsi,
608 915 640 972 et
665 912 909 984 inrebusnliis,
930 912 1093 991 inquibus
1112 931 1212 972 meum

99 1019 260 1078 consilinm
284 1022 316 1079 et
341 1020 472 1080 officinm
501 1020 577 1079 utile
598 1019 685 1082 vobis
711 1037 776 1080 esse
796 1020 924 1095 poterit,
944 1021 983 1079 ad
1002 1020 1034 1079 id
1056 1024 1212 1097 praestan-

98 1127 172 1186 dum
208 1149 256 1188 me
282 1132 456 1205 promptum
485 1148 601 1207 semper
630 1132 662 1189 et
690 1129 916 1204 paratissimum
945 1148 1009 1190 esse
1038 1131 1209 1192 invenietis.

99 1234 209 1312 Copias
227 1238 482 1297 intrumentorum
504 1255 640 1298 meorum
659 1236 729 1296 hinc
748 1237 870 1296 mittere
892 1236 978 1297 vobis
995 1255 1056 1298 non
1076 1257 1208 1315 possum,

96 1345 173 1421 qnia
194 1347 234 1406 ad
252 1365 360 1406 manns
378 1365 414 1407 ea
432 1346 482 1406 hic
501 1365 563 1406 non
583 1345 695 1418 habeo,
716 1346 768 1406 sed
781 1345 887 1422 scripsi
899 1347 939 1406 sd
952 1349 1105 1408 doctorem
1117 1349 1208 1409 Rem·

94 1454 217 1514 bertum
236 1456 385 1530 Achoma,
405 1460 442 1516 ut
462 1457 592 1534 accipiat
613 1457 683 1516 illas
704 1475 724 1514 a
743 1459 937 1533 procuratore
955 1474 1030 1516 meo·
1043 1460 1134 1534 atque
1153 1458 1207 1519 de-

94 1563 224 1640 scriptas
245 1584 307 1625 una
327 1584 396 1624 cum
415 1565 462 1624 his
476 1565 579 1646 literis
596 1565 636 1623 ad
658 1582 713 1624 vos
733 1565 940 1636 transmittat;
961 1565 1009 1626 vir
1028 1566 1140 1642 probus
1159 1571 1208 1628 est

94 1676 129 1732 et
147 1673 279 1756 integer,
315 1675 369 1752 qni
399 1692 493 1752 aeque
526 1674 613 1734 vobis
644 1677 736 1750 etque
769 1675 857 1734 mihi·
873 1674 958 1736 favet
987 1693 1023 1736 ac
1042 1676 1207 1753 gratificari

92 1784 240 1857 postulat.
280 1783 363 1843 Haec
382 1783 491 1856 habui,
511 1783 770 1860 praestantissime
790 1783 928 1858 domine,
948 1803 1026 1860 qnae
1045 1786 1085 1844 ad
1104 1785 1208 1848 literas

93 1891 260 1969 Dignitatis
290 1893 372 1952 Tuae
402 1892 626 1970 responderem.
676 1890 758 1951 Usus
779 1910 847 1952 snm
866 1892 972 1970 lingna
995 1893 1107 1966 latina,
1127 1895 1209 1972 quod

92 2019 132 2060 ea
150 2001 224 2060 mihi
245 2001 286 2061 sit
305 2001 484 2062 familiarior
507 2009 536 2060 et
558 2000 635 2060 obiit
658 1999 856 2061 Germanicus
876 2019 960 2060 meus
981 2001 1095 2076 scriba,
1122 2004 1209 2079 cujus

91 2129 185 2186 opera
210 2110 243 2170 in
273 2110 450 2172 Germanico
482 2111 628 2170 idiomate
656 2110 703 2169 nti
726 2110 816 2169 soleo.
856 2109 1003 2169 Dominae
1022 2112 1116 2171 matri
1135 2115 1208 2173 tuae

92 2220 239 2297 vobisque
268 2220 407 2280 omnibus
436 2221 581 2292 salutem,
612 2237 719 2310 pacem
740 2222 772 2278 ot
791 2220 1027 2280 consolationem
1048 2239 1067 2280 e
1087 2220 1207 2283 Christo

92 2329 168 2390 Jean
202 2329 332 2390 Domino
366 2333 399 2390 et
431 2329 494 2390 Deo
525 2333 629 2389 nostro
662 2329 793 2406 postulo.
844 2327 882 2388 In
914 2329 1018 2390 codem
1052 2330 1147 2392 vivite
1178 2334 1211 2391 et

93 2439 203 2501 valete.

135 2545 256 2625 Spirae,
277 2548 316 2607 25
337 2547 421 2610 Maii.

94 3111 143 3173 80.
377 3108 536 3169 Olontomo
555 3109 806 3186 mundatamque
823 3109 883 3168 ciro
904 3124 1063 3167 nonnoso
1076 3125 1208 3185 norm,

334 3219 361 3277 1.
386 3216 550 3278 &dederi
577 3218 688 3276 domiuo
716 3217 1111 3278 aamcoaoeonomeo.
1141 3219 1211 3280 Lice·

332 3329 363 3387 aa
385 3327 595 3406 Oeetfricslccd.
638 3328 715 3401 (filo,
736 3330 798 3388 cito.

786 3531 902 3610 Spain,
925 3535 963 3594 18
982 3533 1058 3594 Jnni
1079 3534 1167 3596 1583.

136 3745 281 3810 Salutem
322 3745 456 3818 Literas,
476 3762 606 3823 quarum
619 3743 669 3802 hio
680 3741 772 3802 habes
784 3742 930 3818 premissa
942 3744 1092 3819 exempla,
1107 3743 1208 3818 proxi-

94 3877 145 3916 me
164 3855 203 3916 ad
222 3855 311 3915 aedes
328 3853 442 3914 nobilis
460 3853 520 3914 viri
539 3843 559 3911 a
578 3851 773 3927 Kniphansen
792 3869 847 3926 per
858 3851 1003 3909 nuncium
1016 3851 1207 3911 Bremensem

95 3964 167 4025 misi
185 3983 248 4025 nna
277 3983 347 4024 cnm
365 3963 480 4037 literis,
512 3961 747 4038 quibusrogavi
767 3979 851 4033 eum,
872 3961 909 4018 nt
931 3959 1000 4018 illas
1021 3959 1134 4020 advos
1155 3979 1208 4038 per

95 4091 192 4135 unum
226 4094 262 4134 ex
292 4074 414 4134 famulis
442 4063 505 4132 anis
533 4090 695 4148 procurare
726 4070 826 4132 vellet.
876 4067 913 4127 Id
943 4069 989 4126 ita
1008 4067 1123 4128 factum
1145 4087 1209 4130 esse

96 4183 219 4244 omnino
249 4183 376 4243 conlido.
416 4181 505 4240 Nunc
531 4180 611 4256 quod
636 4179 799 4258 significem
826 4177 884 4237 tibi
905 4195 967 4237 non
993 4175 1088 4236 habeo
1109 4177 1208 4253 aliud,

97 4309 192 4373 qnam
212 4291 293 4368 qnod
316 4309 352 4350 ex
371 4289 451 4350 binis
474 4289 587 4363 litoris,
618 4307 693 4364 quas
713 4287 848 4348 invenies
869 4285 1014 4362 praesidis
1034 4283 1151 4361 Aysma
1172 4287 1210 4345 li·

96 4402 173 4461 teris
191 4399 332 4479 alligatas
353 4417 528 4478 cognosces,
549 4416 628 4456 unae
647 4398 688 4456 od
707 4396 936 4457 (landavensem
963 4397 1053 4454 datae
1075 4411 1138 4454 non
1157 4395 1211 4456 dc·

95 4511 173 4570 bont
202 4508 327 4568 cuilibet
356 4507 586 4579 communicari,
618 4523 711 4581 qnare
737 4506 764 4564 si
785 4524 836 4565 eas
860 4503 1051 4582 descripseris
1074 4502 1210 4578 cavebis,

94 4635 135 4678 nc
166 4617 199 4677 in
219 4617 330 4696 vulgus
349 4616 485 4678 veniant.
528 4614 613 4674 Idem
636 4613 780 4674 admonui
800 4614 976 4688 praesidem.
1017 4611 1087 4673 Non
1111 4611 1213 4690 obsig-

1096 4721 1136 4786 10
