3028 5348
421 521 462 564 sn
483 520 617 564 commun
638 519 922 566 insunuanaorouu.
952 537 960 552 ·
1187 503 1225 565 tl

120 687 208 762 partas
228 685 519 744 malaconteutorum
538 683 714 757 inclinaret,
736 683 849 759 passim
869 683 1137 760 circumferuntur,
1151 704 1226 762 quos

120 795 182 854 licet
211 812 265 870 pro
290 793 376 854 falsis
397 792 519 853 omnino
537 792 679 864 habeam,
710 792 905 853 nihilominus
932 795 1092 871 postquam
1112 794 1225 854 intelli·

118 921 178 982 gam
201 903 406 964 constantiam
427 904 527 973 tuam,
556 919 619 961 non
637 899 709 960 foris
730 904 850 961 tantum
874 919 893 960 a
914 902 1141 980 consanguineis
1162 903 1225 965 suis

119 1014 163 1073 sed
181 1015 210 1074 et
230 1013 313 1072 domi
333 1031 352 1071 a
373 1009 573 1071 familiaribus
587 1010 785 1071 multitariam
799 1012 959 1089 opugnari‚
975 1012 1120 1088 quaedam
1136 1012 1228 1073 etiam

120 1123 208 1182 offerri
228 1124 260 1182 et
284 1121 387 1198 objici,
409 1120 518 1200 quibus
544 1119 636 1179 etiam
657 1119 948 1181 consideratissimus
971 1121 1096 1200 quisque
1117 1121 1226 1183 dubius

119 1232 192 1291 reddi
220 1230 330 1308 possit,
362 1228 602 1306 praetermittens
625 1223 716 1288 'nullo
751 1229 839 1288 modo
873 1230 973 1307 potui,
1004 1231 1078 1310 quin
1115 1230 1226 1292 illustr.

120 1339 198 1418 Dign.
219 1343 305 1400 tuam
324 1338 536 1398 officiosissime
558 1357 611 1413 per
632 1339 686 1397 has
711 1339 816 1397 literas
838 1357 956 1416 rogem,
991 1341 1027 1400 ut
1049 1341 1082 1399 in
1106 1358 1140 1400 cc
1161 1340 1231 1400 ani·

120 1467 162 1508 mo
185 1451 214 1508 et
233 1448 413 1520 voluntate,
434 1446 467 1506 in
489 1430 551 1526 qua
571 1446 717 1507 haetenus
738 1447 814 1522 fuit,
842 1449 1026 1524 perseveret,
1049 1449 1086 1507 ab
1107 1449 1228 1510 univer·

120 1556 201 1617 silete
217 1560 245 1634 1)
278 1575 339 1617 non
361 1556 508 1629 discedat,
538 1557 590 1616 sed
610 1559 750 1617 eventum
772 1575 925 1617 unacum
953 1577 988 1617 ca
1007 1560 1158 1635 patienter
1177 1577 1226 1620 cx·

118 1670 217 1744 pectet.
257 1667 335 1728 Vere
357 1666 436 1726 enim
460 1666 556 1726 scribo
576 1685 637 1744 non
658 1684 744 1743 posse
764 1667 875 1728 illustr.
898 1667 989 1746 Dign.
1014 1671 1100 1728 tuam
1121 1687 1225 1729 secun·

119 1776 183 1836 dum
202 1776 258 1837 Dei
279 1776 490 1837 consiliumet
513 1775 702 1836 voluntatem
726 1777 824 1836 tutius
849 1779 880 1837 et
900 1777 1007 1836 melius
1027 1778 1140 1851 facero,
1164 1797 1226 1838 nou

117 1887 206 1946 solum
226 1887 265 1946 ad
285 1886 413 1946 salutem
441 1884 557 1945 animae
579 1903 667 1960 suae,
688 1886 740 1946 sed
761 1886 801 1950 ad
821 1887 955 1946 omnium
977 1887 1070 1946 ctiam
1090 1887 1170 1946 bona
1193 1886 1225 1947 in

116 1996 167 2056 hac
186 1996 249 2057 rita
275 1996 501 2073 consequenda,
523 2014 600 2073 quae
623 1995 704 2056 Deus
725 1997 787 2056 illis
808 1997 942 2057 conferre
963 1998 1052 2071 solet,
1080 1997 1132 2074 qui
1153 1997 1225 2058 fide·

114 2104 180 2164 liter
200 2105 349 2165 voluntati
372 2123 444 2164 suae
464 2103 665 2166 subserviunt.
706 2088 889 2184 Negotium,
918 2106 998 2182 quod
1020 2125 1101 2166 nunc
1121 2105 1223 2184 agitur

114 2211 145 2272 in
171 2212 273 2293 Belgio
306 2214 393 2292 longe
426 2214 519 2300 alium
550 2233 569 2274 a
596 2213 660 2274 Deo
693 2233 815 2291 scopum
848 2214 955 2289 habet,
976 2233 1066 2292 quam
1087 2214 1222 2276 homines

114 2320 286 2402 intelligunt.
328 2324 469 2384 Tractavi
492 2324 548 2384 hoe
569 2323 667 2400 ipsum
687 2325 777 2401 paulo
801 2324 893 2384 latius
920 2325 953 2384 in
981 2324 1056 2385 actis
1077 2323 1221 2383 Pacifica-
1261 2365 1264 2370 -

115 2431 214 2506 tionis,
244 2433 407 2511 quaejam
430 2432 623 2510 Antwerpiae
647 2451 665 2492 a
686 2432 828 2493 Plantinc
853 2434 997 2510 impressa
1017 2432 1163 2505 arbitror,
1186 2450 1221 2492 ea

116 2558 180 2619 roge
199 2546 361 2620 antequam
386 2541 545 2619 quiequam
565 2542 598 2601 in
621 2542 772 2602 sententia
795 2561 851 2602 sua
871 2546 984 2615 mutet,
1005 2543 1049 2602 ill.
1064 2541 1153 2619 Dign.
1166 2542 1221 2601 tua

116 2649 204 2728 legera
225 2670 288 2712 non
307 2653 461 2730 gravetur.
502 2651 548 2711 Ex
570 2651 685 2712 sincero
708 2670 808 2712 amore
830 2656 860 2713 et
878 2652 1062 2725 reverentia,
1078 2669 1138 2730 qua
1151 2669 1220 2710 ean·

116 2757 176 2819 dem
204 2760 294 2839 Dign.
322 2763 406 2821 tuam
438 2763 562 2837 propter
593 2760 713 2838 egregia
746 2761 839 2834 dona,
860 2761 969 2838 quibus
989 2763 1131 2821 naturam
1156 2761 1222 2837 ejus

116 2867 249 2929 donatam
280 2870 311 2929 et
331 2869 499 2946 praeditam
520 2886 582 2929 esse
602 2868 738 2929 intellexi
760 2872 791 2929 et
812 2888 847 2928 ex
866 2869 952 2929 factis
975 2869 1048 2946 ipsis
1076 2870 1219 2948 cognovi,

114 2996 284 3056 prosequor,
305 2979 361 3039 hoe
385 2977 482 3039 scribo
507 2982 538 3039 et
559 2996 674 3039 moneo.
726 2978 804 3038 Vere
828 2979 907 3038 enim
928 2979 991 3040 sive
1011 2978 1055 3038 ill.
1076 2978 1145 3058 Dig.
1167 2979 1219 3053 T„

113 3085 169 3148 sive
201 3089 270 3162 alii,
302 3089 471 3166 quicunque
501 3089 548 3148 illi
572 3089 648 3164 sint,
669 3089 852 3149 eontrarium
875 3088 1033 3148 consilium
1054 3090 1221 3166 coeperint,

112 3200 174 3272 post
205 3198 325 3258 infinita
354 3199 449 3271 mala,
483 3217 560 3274 quae
591 3198 661 3258 inde
684 3198 892 3272 resultabunt,
925 3197 1123 3274 comperient,
1152 3200 1221 3257 tan·

113 3307 173 3367 dem
193 3309 256 3369 tale
281 3307 438 3369 eonsilium
456 3307 514 3366 Dei
534 3308 672 3382 oonsilio,
695 3308 743 3369 cui
766 3327 853 3369 nemo
874 3307 1012 3368 resistere
1032 3311 1148 3384 potest,
1170 3307 1223 3367 ad-

113 3415 228 3477 versari.
271 3413 447 3475 consideret
465 3415 557 3476 etiam
580 3417 691 3478 illustr.
712 3417 803 3496 Dign.
825 3419 895 3493 tua,
918 3419 992 3494 quot
1019 3417 1116 3478 millia
1135 3419 1222 3480 inno·

112 3525 241 3585 centium
264 3523 419 3583 hominum
439 3524 472 3584 in
492 3525 658 3601 periculum
679 3526 814 3600 venient,
836 3526 888 3604 qui
911 3546 942 3587 se
962 3526 1031 3587 fidei
1052 3528 1083 3586 et
1103 3527 1226 3589 cliente·

111 3635 154 3695 lae
184 3638 256 3696 tuae
288 3634 519 3711 commiserunt,
551 3636 602 3696 sed
631 3654 786 3714 nunquam
818 3636 910 3696 etiam
927 3636 1030 3712 justus
1057 3636 1139 3697 Deus
1159 3655 1226 3714 per·

112 3743 225 3820 mittat,
259 3747 294 3805 ut
330 3748 458 3806 conatus
489 3763 608 3821 corum,
640 3746 693 3823 qui
724 3747 761 3804 ad
795 3746 851 3806 hcc
873 3747 965 3806 etiam
986 3747 1151 3808 autoritate
1172 3752 1227 3809 tua

112 3853 193 3915 abuti
227 3855 355 3915 student
367 3856 416 3931 2),
445 3854 484 3914 ad
518 3855 657 3914 effectum
687 3856 900 3932 perducantur.
951 3855 1017 3917 Hoc
1050 3856 1149 3916 Amen
1169 3859 1224 3917 est.

112 3962 194 4034 Quali
213 3964 313 4025 animo
338 3963 411 4025 haee
432 3983 451 4024 a
475 3983 522 4025 mc
545 3965 658 4042 scripta
679 3969 765 4039 sunt,
787 3966 843 4040 tali
863 3985 935 4044 rogo
962 3965 1006 4024 ill.
1028 3966 1096 4044 Dig.
1118 3967 1151 4026 Τ.
1166 3967 1227 4027 ista

110 4073 253 4150 accipiat,
274 4074 456 4151 eandemque
477 4074 659 4150 protectioni
679 4076 710 4134 et
730 4074 847 4153 gratiae
871 4073 925 4138 Dei
946 4073 1062 4153 Optimi
1082 4075 1224 4152 Maximi,

142 4353 166 4418 1)
201 4355 239 4405 Ab
255 4355 322 4408 univ.
339 4356 499 4421 eigenhiindig
521 4356 637 4422 korrigirt
656 4372 699 4407 eus
716 4356 879 4406 universitati·

142 4451 168 4512 2)
204 4450 257 4501 Von
281 4455 382 4504 conatus
408 4452 446 4504 bis
469 4452 570 4504 student
595 4451 782 4518 cigenh'stndiger
812 4452 898 4502 Zueatz
916 4453 978 4502 atatt
994 4452 1052 4502 zwei
1069 4451 1124 4502 diolr
1144 4468 1227 4517 ausge-

112 4545 242 4598 striehcner
258 4546 349 4601 aenea
