3020 5360
305 497 345 558 82
715 509 851 553 scurrus
879 506 1008 551 uranus.

306 674 369 737 vixi
391 672 623 747 multisonis,
654 670 710 730 Dei
733 669 848 748 gratia,
876 671 913 729 ut
933 666 1067 728 homines
1087 682 1149 726 non
1169 663 1315 736 habeant,
1342 661 1429 739 quod

303 785 385 862 juste
416 784 453 843 de
486 803 535 843 me
565 781 805 859 conquerantur,
837 797 937 839 coram
969 776 1025 836 Dei
1049 794 1210 853 pauperem
1227 776 1262 846 et
1283 774 1428 850 egentem

303 909 350 952 me
373 909 435 952 esso
459 890 619 967 profiteor,
640 889 755 965 hocque
777 885 1008 948 solumbonum
1031 899 1179 961 agnosco,
1201 880 1281 958 qnod
1302 879 1428 956 abipso

303 1020 357 1079 per
380 999 476 1060 filium
499 1017 589 1058 suum
615 998 648 1058 in
670 996 788 1075 Spiritu
809 996 921 1058 Sancto
944 994 1163 1073 proficiscatur.

344 1109 426 1170 Bene
447 1108 514 1170 vale
536 1107 584 1168 vir
605 1107 819 1167 amantissimo.

346 1218 469 1295 Raptim
491 1217 530 1277 24
551 1215 629 1295 Aug.
653 1215 740 1276 1581.
1299 1303 1303 1309 Ι

1071 1323 1154 1383 'Puus
1181 1341 1217 1381 ex
1241 1320 1344 1380 auimo

1105 1450 1193 1509 quem
1217 1431 1310 1492 nosti.

769 1759 958 1776 *-

543 2084 556 2094 ⁸
608 2022 766 2067 numerare
787 2023 910 2067 seruus
933 2008 996 2084 (rob
1015 2026 1061 2066 ao.
1083 2006 1134 2081 89)

1037 2211 1132 2286 Korn,
1155 2212 1172 2272 r
1193 2177 1275 2289 sepe.
1298 2211 1391 2270 15e1.

350 2419 495 2480 Salutem.
547 2418 596 2478 Ad
628 2418 715 2480 binas
747 2423 817 2480 tuas
846 2418 959 2496 priores
988 2418 1093 2479 literas
1123 2417 1264 2496 respondi
1288 2417 1328 2476 24
1350 2416 1427 2495 Aug.

311 2530 414 2606 estque
435 2528 491 2588 hoc
512 2543 686 2603 responsum
706 2546 768 2587 una
789 2546 856 2588 oum
878 2527 946 2587 aliis
965 2526 1065 2588 literis
1080 2526 1118 2586 ad
1132 2525 1299 2604 praesidem
1313 2525 1427 2603 Aysma
1485 2573 1486 2639 1

310 2637 451 2710 missum,
473 2654 492 2696 a
514 2653 574 2713 quo
597 2635 690 2709 illud,
720 2635 747 2696 si
769 2636 904 2696 noudum
925 2637 1119 2713 procuratum
1147 2639 1209 2710 est,
1237 2635 1354 2714 exigere
1378 2652 1428 2711 po·

310 2745 392 2806 teris.
437 2745 590 2821 (Dolorem
611 2743 643 2804 in
660 2743 835 2822 quorumvis
856 2763 963 2804 manus
985 2744 1090 2804 literas
1104 2743 1173 2804 illas
1187 2743 1383 2820 pervenisse.)
1399 2741 1427 2816 1)

310 2855 485 2931 Iterumque
508 2872 596 2933 rogo,
620 2857 657 2915 ut
677 2871 753 2933 quse
774 2852 818 2913 ibi
840 2853 946 2930 scripsi
965 2870 1081 2913 memor
1102 2871 1165 2913 esse
1177 2852 1271 2926 velis,
1285 2869 1321 2911 ec
1334 2869 1429 2928 quan·

311 2965 378 3024 tum
401 2962 433 3022 in
465 2965 497 3023 ts
529 2963 592 3035 est,
625 2959 816 3022 concordiam
847 2960 927 3020 inter
959 2959 1115 3021 civitatem
1136 2961 1167 3019 et
1190 2977 1298 3036 agrum
1323 2977 1428 3038 urgere
1484 2969 1485 3000 ³

311 3089 372 3132 non
394 3071 529 3133 desistas.
571 3070 704 3150 Negooia
729 3070 771 3131 sic
792 3069 893 3130 omnia
913 3087 966 3147 per
985 3067 1120 3129 homines
1144 3068 1234 3148 dirigi
1254 3068 1358 3143 video,
1372 3067 1427 3130 nisi
1484 3011 1485 3097 t

312 3179 457 3240 auxilium
488 3179 574 3240 nobis
607 3180 687 3240 Deus
718 3179 781 3255 ipse
812 3178 1015 3255 praestiterit,
1036 3180 1101 3238 tam
1122 3178 1160 3237 sb
1184 3196 1262 3251 una,
1283 3196 1375 3254 quem
1395 3195 1428 3236 or

310 3288 408 3349 altera
427 3291 513 3365 parte
534 3288 672 3350 funditus
694 3289 868 3366 peribimus.
909 3288 998 3348 Nova
1016 3305 1093 3364 quus
1115 3287 1245 3362 audisti,
1260 3307 1334 3349 vera
1348 3288 1425 3359 suut,

311 3394 516 3456 condicionem
546 3397 633 3455 tuam
664 3415 699 3456 ex
724 3395 825 3456 animo
847 3395 953 3468 doleo;
983 3396 1035 3456 sed
1056 3396 1190 3472 nequid
1214 3396 1427 3457 vobisadne·
1483 3431 1484 3438 κ

312 3506 456 3565 oossarioe
476 3523 549 3564 usus
573 3504 667 3578 desit,
687 3504 816 3566 libenter
837 3504 950 3592 foram,
973 3507 1006 3566 ut
1032 3523 1067 3565 ex
1088 3505 1216 3583 pecunia
1235 3524 1303 3566 mea
1323 3509 1425 3566 mutuo
1483 3473 1484 3555 t

312 3611 442 3689 accipias
463 3611 521 3672 tibi
542 3612 580 3672 20
602 3612 649 3674 vel
672 3613 710 3673 30
732 3613 811 3688 flou,
834 3614 981 3691 reliquum
999 3633 1146 3675 summam
1160 3633 1214 3692 per
1228 3614 1378 3674 cambium
1391 3611 1425 3673 ad

312 3739 360 3779 me
390 3719 548 3780 beneierri
578 3721 699 3781 curetis.
754 3722 832 3782 Nam
858 3741 933 3798 opus
961 3741 997 3782 ea
1017 3725 1088 3784 ante
1111 3725 1250 3800 hyemem
1270 3723 1425 3784 habiturus

313 3831 432 3908 suma),
455 3849 524 3890 cum
544 3830 659 3908 reliquo
680 3831 782 3892 debito
803 3850 865 3892 non
886 3833 982 3893 statui
1006 3831 1122 3893 diutius
1144 3835 1316 3910 expectare,
1338 3850 1425 3914 quaro
1482 3869 1483 3894 r

314 3955 501 4015 summopere
522 3955 610 4017 rogo,
641 3941 677 4000 ut
705 3958 773 3999 cum
795 3940 883 4000 affine
904 3958 969 4000 meo
990 3940 1111 4000 domiuo
1132 3940 1252 4001 Doooue
1273 3941 1425 4002 Teethtum

313 4046 397 4124 loqui
417 4046 508 4120 uelis,
526 4032 611 4126 eique
636 4066 759 4108 oausam
779 4066 877 4108 meam
903 4049 1028 4126 aperire.
1070 4048 1185 4109 Deinde
1209 4049 1367 4109 consilium
1391 4047 1424 4107 ab

313 4173 348 4215 eo
378 4173 535 4235 quaerere,
565 4156 715 4236 quomodo
750 4157 914 4217 secundum
937 4176 1051 4217 morem
1071 4157 1160 4218 istius
1183 4157 1313 4238 regionis
1336 4157 1424 4218 actio·

313 4282 383 4324 nem
406 4283 503 4350 meum
525 4265 685 4326 instituere
710 4265 850 4340 debeam,
872 4268 963 4346 atque
975 4309 983 4340 ,
1006 4267 1087 4347 quod
1108 4269 1257 4345 optimum
1277 4267 1424 4327 intervos

313 4372 504 4449 inveneritis,
535 4372 609 4432 mihi
638 4373 879 4451 quamprimum
902 4375 1087 4454 significato,
1115 4376 1205 4436 simul
1226 4375 1319 4436 etiem
1340 4393 1375 4436 ox
1394 4389 1424 4432 eo

347 4538 373 4601 1)
408 4537 589 4602 Eigunhiindigs
606 4537 748 4589 Rsudnotir.

348 4631 375 4697 2)
409 4631 516 4682 Astreus
531 4631 662 4684 bemcrktr
678 4631 749 4684 Actio
771 4637 854 4685 contra
874 4635 989 4687 Bassum.
